4792 7009
471 755 525 813 306
1199 742 1387 804 protelatio

451 889 535 967 Quae
549 893 620 951 sunt
635 886 725 966 igitur
737 884 930 948 fundamenta
946 879 1182 961 SioolExplicat
1203 878 1262 944 hoo
1307 883 1350 944 tra
1366 879 1536 961 Eugenium
1549 899 1660 963 papam
1674 898 1690 946 a
1705 882 1826 948 diabolo
1848 887 2027 952 concitatam
2052 892 2165 955 sedare

411 1008 567 1088 apostolus
577 1006 712 1070 loannes
723 1005 754 1066 in
770 1001 970 1082 Apocalypsi:
984 997 1165 1064 describens
1178 997 1260 1060 onim
1308 997 1607 1078 conaturEJnsmodi
1619 1015 1689 1062 roro
1704 1000 1872 1066 seditiones
1883 1005 2165 1070 turbulentissimae

408 1124 502 1206 huius
515 1123 655 1206 ejusdem
669 1124 791 1186 sanotae
805 1115 932 1182 civitatis
953 1121 1055 1196 portes
1075 1127 1196 1189 ornnes,
1220 1117 1262 1175 at·
1307 1117 1338 1174 et
1352 1111 1642 1194 perniciosissimae,
1657 1123 1749 1198 atqua
1759 1117 1796 1180 ad
1811 1134 1968 1184 romanum
1984 1122 2163 1202 pontificem

409 1261 469 1326 quo
481 1247 668 1313 arctamenta,
681 1239 760 1300 inter
773 1241 890 1298 caetera
906 1233 952 1296 sic
965 1234 1006 1295 ait
1018 1250 1026 1294 ε
1040 1233 1079 1294 Et
1092 1245 1206 1294 munes
1220 1231 1262 1292 ci·
1308 1231 1499 1310 perdendum
1513 1233 1701 1312 aptissimae,
1715 1234 1905 1316 aliquot‚non
1920 1237 2043 1312 diebus,
2062 1257 2164 1320 nequa·

408 1361 515 1424 citetis
529 1357 649 1422 ltooena
663 1349 1070 1434 pandumactcdoodoctm,
1094 1349 1169 1411 etin
1181 1346 1262 1426 ipsis
1308 1347 1490 1426 mensibus,
1514 1349 1685 1428 sedandis,
1701 1351 1793 1416 immo
1818 1359 1849 1417 et
1873 1355 2006 1418 saeculis
2036 1355 2163 1420 durare-

409 1479 579 1542 duodecim
592 1469 911 1537 nomnaodoodcca'm
935 1466 1152 1546 apostotorum
1165 1462 1261 1544 Apul.
1305 1465 1388 1524 runt.

408 1594 614 1658 Fundamenta
628 1603 702 1669 ergo
714 1589 786 1650 Sion
799 1585 926 1667 apostoli
949 1590 1031 1647 sunt:
1048 1583 1078 1645 in
1094 1584 1141 1645 lais
1156 1595 1262 1644 nume·
1346 1579 1412 1642 lluc
1427 1589 1623 1646 accesserunt
1634 1584 1797 1648 schismata
1812 1585 2009 1667 gravissima,
2027 1595 2059 1653 ct
2070 1591 2164 1669 pluri·

408 1718 501 1784 rator,
517 1716 548 1774 et
562 1708 683 1772 excellit
705 1705 875 1786 singularis
900 1702 1024 1784 quidam
1049 1699 1144 1780 lapis:
1168 1701 1260 1776 Ecce,
1306 1711 1355 1757 rna
1369 1696 1506 1776 ipsorum
1517 1698 1594 1764 inter
1605 1715 1640 1762 se
1651 1716 1846 1766 romanorum
1856 1703 2164 1786 pontiiloum‚ouibns

410 1827 666 1908 inquit‚ponom
686 1824 725 1886 in
750 1821 974 1901 {ltndomento‘o
1002 1817 1081 1882 Sion
1103 1817 1260 1898 lapident.
1306 1826 1368 1876 non
1385 1815 1534 1893 potuisset
1548 1818 1611 1880 ullo
1625 1817 1717 1881 modo
1732 1834 1792 1882 non
1808 1819 1965 1895 oedere‚et
1980 1822 2108 1885 tondmn
2124 1824 2163 1885 la·

409 1943 484 2017 Quis
498 1944 557 2006 iste
571 1940 649 2021 lapis
664 1939 713 2014 sit,
729 1954 819 2002 nemo
844 1937 963 2017 ignorat
983 1935 1034 2015 qui
1063 1931 1261 2012 Evangelium
1304 1928 1449 1996 beiaolari
1464 1948 1499 1996 ao
1515 1933 1630 1996 destrui
1646 1936 1723 1999 Petri
1737 1935 1840 2014 sodes,
1863 1936 1890 2000 si
1906 1953 1967 2003 oon
1981 1945 2066 2019 petra
2079 1945 2164 2002 esset

407 2061 492 2140 legit.
509 2058 583 2122 Com
596 2057 677 2120 enim
688 2073 726 2119 cx
736 2053 881 2134 apostolis
896 2050 1057 2115 duodecim
1072 2065 1153 2114 unus
1177 2048 1260 2112 dice·
1305 2046 1479 2112 firmissima
1494 2067 1529 2112 ao
1543 2049 1800 2130 probatissimam
1814 2053 1852 2116 ab
1867 2052 1920 2117 illo
1935 2055 1965 2116 iu
1981 2055 2163 2118 tundamen-

407 2173 620 2251 relurSimon3
634 2171 782 2234 Dominus
810 2168 839 2232 ei
856 2183 968 2230 nomen
998 2165 1120 2228 mutarit
1133 2211 1141 2240 ,
1154 2170 1185 2226 et
1205 2177 1261 2244 pro
1307 2162 1346 2226 tis
1361 2163 1433 2228 Sion
1449 2167 1621 2243 constituta,
1638 2169 1690 2248 qui
1703 2169 1754 2230 ait:
1771 2169 1811 2232 Et
1831 2176 1945 2249 portae
1965 2171 2067 2249 insani
2096 2187 2164 2236 nort

409 2294 534 2357 Simone
549 2292 667 2354 latrum
679 2289 738 2352 diei
750 2285 854 2358 voluit,
871 2292 986 2366 petram
1004 2284 1127 2363 inquam
1141 2300 1149 2343 ι
1165 2282 1260 2362 siqui·
1305 2279 1539 2360 praenotabant
1549 2282 1702 2346 odansue
1717 2298 1800 2347 eona.
1826 2283 1869 2348 dc
1883 2301 1922 2348 ne
1942 2285 2018 2350 lorte
2041 2293 2163 2366 putare·

409 2411 480 2474 dern
493 2410 597 2490 lingua
610 2407 766 2490 Syrorum,
781 2422 840 2484 qua
854 2403 1001 2466 Dominus
1015 2399 1185 2464 sinedubio
1197 2403 1261 2462 ute·
1310 2411 1389 2472 mus,
1404 2395 1444 2460 ob
1458 2397 1545 2460 ritum
1562 2399 1777 2480 incorruptam,
1794 2406 1824 2464 et
1837 2417 1937 2464 mores
1949 2401 2164 2484 integerrimos

408 2527 506 2603 batur,
524 2524 598 2587 nihil
611 2523 693 2586 alind
705 2521 835 2602 cephas,
852 2535 942 2600 quam
964 2522 1080 2598 petram
1096 2513 1261 2597 significat.
1309 2515 1681 2594 summorumpontidoum
1691 2518 1804 2582 tamdiu
1820 2518 2028 2584 stetisseiaano
2043 2521 2165 2598 sedem

314 2715 319 2724 ,
407 2642 557 2722 diligitur
571 2641 613 2702 illi
630 2639 792 2702 llomious:
811 2637 855 2700 To
869 2652 900 2700 cs
912 2635 1036 2702 Sinaon.
1052 2631 1264 2698 coaccedente
1310 2630 1448 2708 permisit
1461 2631 1500 2694 ad
1515 2638 1681 2696 extremum
1697 2635 1778 2699 lleus
1794 2682 1805 2711 ‚
1821 2641 1854 2699 ut
1868 2636 1957 2700 etium
1972 2635 2098 2717 quidam
2118 2655 2165 2715 pa·

410 2758 541 2837 tlepoltoa¹
555 2758 646 2830 idest,
659 2754 831 2827 Penestae
847 2759 879 2816 ut
893 2768 949 2815 nos
961 2751 1055 2814 Latini
1070 2749 1262 2813 commodius
1310 2761 1376 2808 rum
1389 2747 1477 2827 probi
1493 2748 1653 2827 pontifices
1665 2751 1829 2832 aliquando
1840 2752 1920 2816 hano
1945 2753 2053 2818 sedem
2080 2760 2166 2817 tene·

408 2865 1264 2950 dicimus,PetraeaEtrursnmcllolocozEueoPetaaas‚
1311 2866 1591 2946 renletregerenl.
1607 2867 1718 2942 Quales
1739 2885 1813 2933 sane
1840 2869 1963 2934 luerunt
1988 2870 2166 2948 Stephanus
2209 2893 2210 2906 ι

408 2988 678 3062 sire‚tuesPctru,
693 2991 834 3066 etsuper
847 2987 1071 3066 leucopetram
1085 2982 1263 3064 oedificabo
1312 2976 1360 3040 Vl.
1377 2981 1475 3059 qualis
1489 2981 1550 3046 Leo
1566 2984 1598 3046 v.
1614 2982 1850 3066 christophorus
1861 2987 1885 3048 l.
1904 2987 2029 3068 Sergios
2043 2986 2102 3050 lll.
2120 2987 2167 3049 lo·

408 3103 882 3169 dcclestomnacom.lccorobis
894 3102 1025 3184 lapidem
1039 3102 1070 3164 io
1084 3101 1265 3164 fundamen·
1311 3111 1408 3159 annes
1422 3097 1487 3160 llll.
1503 3098 1615 3181 aliique
1631 3117 1692 3166 non
1707 3103 1838 3184 paucist
1853 3120 1922 3168 nera
1937 3111 2018 3181 sunt,
2030 3121 2114 3186 quae
2130 3107 2166 3170 de

408 3221 447 3283 tis
459 3221 606 3284 Sionsed
621 3219 743 3300 qualern
757 3219 890 3299 lapidem
905 3217 1033 3299 putatis?
1047 3217 1264 3296 lapidantia·
1310 3233 1417 3282 eorum
1432 3220 1486 3282 rita
1502 3226 1532 3284 et
1545 3221 1639 3284 rebus
1650 3220 1745 3301 gestis
1760 3220 1841 3302 apud
1866 3220 2029 3285 historicos
2058 3236 2168 3284 eorum

402 3338 482 3418 nuit,
498 3337 1080 3418 panoclumoupetcrempretiosom,
1091 3335 1261 3413 inpendo·
1305 3338 1480 3417 t'ernponam
1495 3337 1606 3418 scripta
1620 3339 1774 3420 leguntur.

402 3462 512 3520 noento
525 3456 710 3534 ttmdotum.
726 3455 870 3536 Lapidem
882 3451 1215 3535 probatumrsiquidem
1230 3469 1262 3518 o.
1346 3451 1452 3533 Itaque
1472 3453 1548 3516 nihil
1561 3459 1619 3530 est,
1635 3455 1717 3535 quod
1731 3453 1877 3520 haeretici
1892 3461 2005 3518 tantum
2021 3453 2167 3518 laborent

407 3573 595 3653 mnlgenere
608 3572 923 3652 probationistantata
945 3577 993 3634 est
1005 3571 1201 3650 cleopatra,
1229 3587 1263 3634 o·
1305 3567 1338 3631 in
1354 3570 1552 3650 quorumdam
1567 3569 1746 3651 pontificum
1767 3571 1847 3636 uitiis
1859 3571 2091 3654 conquirendis.
2105 3573 2167 3638 dos

405 3705 495 3752 nanos
508 3695 614 3770 portae
628 3689 793 3752 interorum
805 3689 836 3750 ia
851 3703 918 3750 earn
932 3690 1081 3769 impeturn
1092 3689 1246 3752 iecerunt.
1305 3683 1388 3747 enim
1402 3687 1598 3766 agnoscimus
1614 3691 1645 3752 et
1657 3687 1796 3766 latemur,
1814 3704 1849 3752 ea
1860 3685 1956 3754 luisse
1970 3703 2032 3753 non
2044 3705 2159 3770 pauca:

444 3805 498 3882 do,
516 3812 549 3868 ut
562 3807 697 3868 omitum
711 3807 942 3886 persecutiones
956 3806 1141 3870 ludaeorum
1166 3809 1260 3883 alque
1304 3805 1358 3868 sed
1375 3811 1487 3868 nutum
1508 3807 1605 3884 abest,
1622 3812 1655 3870 ut
1668 3805 1706 3868 iis
1721 3805 1815 3887 gioria
1828 3806 1920 3888 huius
1935 3807 2020 3870 sedis
2044 3807 2161 3870 obscu-
2208 3853 2209 3890 r

407 3921 616 3998 Etonieorom,
630 3939 711 4004 coac
724 3923 798 3986 huic
810 3922 879 3986 sedi
892 3939 963 3986 corn
976 3922 1095 4002 reliqua
1120 3921 1260 3986 Ecclesia
1303 3927 1398 4001 retur,
1414 3924 1461 3987 rol
1475 3923 1639 4002 minuatur,
1655 3928 1688 3986 ct
1699 3923 1807 3986 iisdem
1833 3923 1936 4004 potius
1956 3923 2160 3988 vehementer

405 4038 730 4102 commonesiucrunt:
747 4045 829 4104 corte
854 4041 993 4121 inprimis
1016 4039 1163 4103 haeretici
1191 4055 1260 4122 per·
1303 4039 2159 4121 aresceretamplificatorlllncaalmintelligimusmon

406 4153 492 4216 multi
508 4171 568 4217 non
583 4157 682 4218 semel
693 4171 793 4237 neqrre
806 4156 868 4232 bis,
884 4157 939 4220 sed
950 4155 1198 4235 frequentissimo
1213 4172 1260 4221 ro·
1303 4154 1435 4221 ῑιιιιιιιιιο
1450 4159 1590 4235 consilio,
1602 4157 2064 4240 prudentia‚riribus,rornanum
2081 4175 2159 4238 pon·

406 4273 525 4335 noratis
535 4275 718 4337 exercitibus
733 4277 867 4338 conanae
881 4275 956 4340 sedo
967 4282 1072 4356 aperto
1079 4275 1172 4340 llarle
1186 4293 1259 4340 oon·
1291 4271 1450 4336 'tiilcatum
1467 4275 1579 4339 tamdiu
1594 4278 1762 4340 consistere
1779 4323 1787 4354 ,
1804 4277 1860 4341 sed
1884 4277 1956 4358 qula
1979 4277 2058 4340 haec
2073 4281 2161 4356 petra

408 4385 560 4452 dixerunt.
575 4389 694 4454 deindo
716 4391 899 4456 Graecorum
921 4396 1084 4458 aemulatio
1099 4409 1134 4458 sp
1153 4409 1260 4473 suppr-
1303 4387 1342 4450 ita
1357 4406 1373 4451 a
1387 4389 1515 4454 nomino
1526 4391 1676 4469 roborata,
1689 4392 2161 4472 divinitusiundeta,aogelorum

404 4502 468 4580 bio,
485 4521 545 4568 non
558 4512 629 4570 ante
640 4507 755 4571 destitit
768 4525 838 4572 oum
853 4509 911 4573 irae
924 4511 1000 4574 sede
1011 4510 1125 4574 bellom
1137 4527 1258 4590 gerere,
1304 4515 1450 4580 custodiis
1465 4517 1719 4599 sepla‚sicgulari
1734 4517 1788 4580 Dei
1804 4517 2001 4598 providentia,
2015 4523 2047 4580 el
2058 4522 2159 4597 prote·

409 4635 500 4699 quam
514 4621 573 4702 ipsi
589 4639 605 4685 a
620 4623 786 4688 lurcorum
812 4625 994 4706 imperatore
1022 4628 1164 4708 oppressi
1189 4629 1260 4693 reli·
1304 4633 1404 4696 ctione
1418 4635 1533 4696 munita
1549 4639 1605 4711 esi,
1624 4642 1656 4699 ut
1669 4636 1815 4700 adversus
1830 4651 1897 4699 earu
1917 4639 2021 4716 portae
2045 4633 2158 4698 iniero·

411 4735 533 4813 gionem
548 4753 670 4820 quoquc
684 4756 753 4835 cum
769 4733 913 4822 dignitate
927 4744 1193 4810 adiuuantium
1206 4746 1261 4808 irn-
1304 4765 1371 4813 rum
1384 4751 1469 4815 nullo
1484 4753 1574 4817 modo
1585 4755 1760 4836 praevalere
1774 4753 1973 4834 possintslvc
1987 4752 2051 4817 illis
2063 4753 2159 4833 portis

412 4861 567 4933 peratores
579 4859 781 4938 potentissimi
797 4867 827 4924 et
842 4861 1014 4939 christiani,
1027 4871 1059 4928 et
1071 4867 1261 4948 quodmajus
1305 4869 1503 4950 persequutio
1516 4871 1792 4952 tyrannorumsire
1806 4869 1908 4934 rabies
1921 4868 2156 4944 hoereticorum,

413 4971 461 5032 est
473 4972 532 5034 sub
544 4975 669 5039 nomine
682 4977 839 5057 roligionis
866 4983 897 5040 et
911 4979 1044 5059 pietatis,
1070 4981 1149 5044 hanc
1164 4982 1260 5063 ipsam
1306 4981 1370 5047 sire
1385 4983 1648 5050 schismaticorum
1662 4987 1762 5064 lurco,
1779 4987 1842 5050 sire
1857 4987 1974 5050 scelera
2000 4989 2032 5048 et
2046 4983 2158 5066 flagitia

413 5086 531 5166 sedem,
547 5092 628 5156 undo
639 5093 677 5157 ad
691 5109 747 5158 eos
760 5095 881 5176 imperii
894 5097 1011 5160 romani
1023 5103 1144 5179 sceptra
1157 5089 1262 5180 perre-
1306 5099 1516 5181 designentur.
1528 5103 1673 5183 Lapidem
1687 5119 1759 5183 ergo
1775 5103 1933 5183 probatum
1957 5103 2063 5184 posuit
2076 5103 2157 5164 lteus

403 5205 685 5288 ‘nerantdejicore
702 5218 792 5294 atqua
806 5219 942 5278 avertere
957 5229 1050 5296 saepo
1064 5220 1164 5282 eonati
1179 5223 1260 5281 sont.
1306 5213 1338 5276 io
1352 5213 1556 5282 laudamentis
1581 5219 1654 5284 Sion
1671 5239 1679 5283 :
1711 5237 1769 5284 neo
1790 5223 1889 5285 solum
1901 5221 2060 5301 probatum
2076 5265 2085 5295 ‚
2102 5217 2157 5281 sed

454 5323 515 5386 lieo
529 5313 768 5408 enimignorntis
782 5347 859 5412 quas
882 5333 1053 5414 tragoedias
1074 5334 1105 5396 in
1125 5333 1263 5400 Ecclesia
1306 5331 1739 5420 etiamangnlarem,qoidoos
1752 5333 2157 5419 parietescoana'ctaeouod

412 5437 563 5504 llenricus
576 5441 627 5506 ll.
643 5444 792 5510 Eenricus
818 5449 852 5512 ll.
869 5447 946 5512 Otho
973 5448 1020 5513 ll,
1035 5451 1209 5516 lriderious
1223 5451 1263 5518 ll.
1307 5457 1384 5521 mihi
1399 5459 1516 5522 ridetur
1543 5459 1579 5522 ad
1595 5455 1865 5523 demonstrandum
1887 5454 2052 5518 discrimen
2077 5451 2158 5514 inter

419 5552 532 5634 aliique
546 5561 687 5624 nonnulli
702 5561 833 5629 dirersis
845 5565 1033 5645 temporibus
1046 5567 1216 5633 excitarint.
1229 5569 1266 5634 Et
1310 5572 1487 5654 pontitloem
1501 5573 1738 5638 Christianorum
1754 5580 1783 5636 el
1796 5572 1981 5636 iudaeorum
1997 5585 2067 5634 esse
2079 5565 2160 5648 posi·

419 5669 507 5746 quasi
522 5671 597 5736 haec
613 5693 701 5755 porro
714 5679 855 5759 luissent,
873 5681 987 5747 addidit
1003 5683 1093 5748 Satan
1107 5700 1267 5750 romanum
1308 5694 1388 5754 luna.
1405 5691 1460 5755 llle
1476 5691 1557 5756 enirn
1572 5693 1650 5773 lapis
1665 5691 1789 5770 quidem
1801 5689 2073 5753 aliundamentum
2084 5687 2161 5760 erat,

418 5785 567 5865 populum
581 5798 683 5857 contra
698 5798 856 5876 pontidoes
871 5815 1074 5866 commorere.
1100 5801 1203 5866 Exstat
1217 5803 1267 5866 ad·
1315 5807 1371 5872 sed
1386 5822 1448 5871 non
1460 5807 1538 5890 lapis
1552 5809 1717 5890 angularis:
1733 5821 1792 5872 nec
1807 5807 1889 5871 enim
1912 5805 2047 5888 parietes
2061 5801 2162 5876 duos,

420 5899 482 5964 truc
495 5901 528 5965 l).
543 5899 689 5970 Earnordi
713 5911 839 5991 epistola
867 5915 1043 5998 grauissima
1064 5919 1103 5983 od
1128 5923 1269 5983 senatum
1313 5923 1368 5988 sed
1383 5939 1478 5988 unum
1493 5931 1608 5988 tantum
1623 5923 1823 5988 sustentabat.
1841 5923 1877 5987 dt
1897 5925 2003 5985 noster
2019 5916 2098 6000 lapis
2109 5933 2163 5980 an·

421 6021 629 6104 populumque
643 6039 872 6110 romanumque
887 6035 1182 6100 seditionemeorurn
1196 6051 1268 6101 oon·
1313 6039 1428 6120 gularis
1439 6047 1498 6120 est;
1514 6055 1581 6106 narn
1597 6045 1627 6106 el
1640 6039 1745 6106 ludaei
1761 6047 1791 6107 et
1805 6041 1938 6117 tientes,
1962 6035 2049 6119 quasi
2066 6033 2166 6117 parie-
