4792 7009
450 711 504 770 2²8
771 657 775 664 ¹
1151 707 1196 766 lte
1216 705 1358 767 cuulslo

377 846 524 923 diversas
541 845 634 912 imma
649 847 806 929 appositas
821 864 858 911 ae
876 848 999 910 mutuas
1010 841 1189 908 relationes:
1206 846 1236 902 at
1282 840 1418 921 eripique,
1440 837 1478 904 hi
1500 855 1576 906 aero
1604 839 1718 905 count
1732 842 2005 911 hunccreuturnm
2014 854 2119 916 creatu

377 936 460 992 certe
475 945 536 990 noo
559 939 691 1008 possunt
714 948 785 995 esse
811 937 933 994 mutuae
961 929 1128 990 relationes
1157 925 1237 986 inter
1280 940 1339 987 roe
1353 939 1420 987 esse
1435 928 1493 987 etc.
1511 924 1577 998 Qua
1593 924 1662 986 loeo
1679 927 1752 989 illud
1769 926 1820 990 iim
1835 927 2122 1009 retinuerimus.

374 1002 528 1072 Filium'et
543 1011 691 1093 Spiritum
707 1019 860 1085 sanctum,
875 1012 933 1074 nisi
949 1018 1019 1092 quia
1032 1027 1112 1073 unus
1128 1009 1233 1086 spirat,
1281 1007 1325 1068 hil
1340 1005 1515 1086 signiacum
1525 1006 1699 1086 petesuchi
1712 1025 1749 1074 ax
1760 1009 2015 1089 Filiopraeedens
2026 1029 2121 1093 perae·

377 1093 453 1155 aller
468 1093 610 1172 spiratur:
629 1115 687 1161 oea
702 1099 784 1160 enim
800 1097 896 1161 Filius
911 1111 970 1168 qua
982 1094 1079 1155 Filius
1095 1098 1144 1155 cst
1157 1089 1235 1152 rclo·
1280 1095 1398 1152 ternam
1414 1090 1652 1152 emanationem.
1677 1091 1748 1154 Nam
1764 1092 1892 1172 opponit
1919 1093 2091 1174 Epiphanius
2102 1101 2120 1162 i·

374 1180 467 1242 tirrrm
483 1178 521 1238 ad
531 1177 675 1258 Spiritum
691 1179 901 1244 sancturused
917 1177 1014 1238 Filius
1029 1193 1089 1254 qua
1104 1172 1237 1253 spirator
1284 1174 1353 1235 stud
1370 1169 1522 1251 Accipere
1537 1187 1580 1236 ere
1594 1172 1679 1235 Filia
1695 1175 1853 1237 creationi:
1871 1177 1960 1238 docet
1971 1177 2056 1254 euim,
2067 1179 2119 1261 Spi·

374 1260 504 1321 retertur
515 1261 552 1322 ad
567 1262 712 1342 Spiritum
728 1269 879 1324 sunctum.
894 1260 953 1321 llao
975 1264 1077 1338 potest
1104 1271 1233 1334 respon·
1282 1257 1374 1318 ritum
1390 1271 1452 1316 non
1468 1271 1537 1317 esse
1554 1257 1688 1320 creatum
1704 1275 1719 1318 a
1736 1257 1825 1330 Filio,
1856 1266 1889 1320 at
1902 1259 2040 1322 haeretici
2054 1262 2120 1328 dice·

374 1342 452 1415 deri,
469 1343 614 1423 distingui
627 1346 738 1408 Filium
754 1350 784 1406 et
798 1344 943 1422 Spiritum
955 1347 1095 1402 sanetum
1118 1354 1175 1418 per
1188 1337 1235 1399 di·
1280 1337 1366 1412 hant,
1380 1338 1435 1400 sad
1447 1339 1613 1418 ‚accepisse
1625 1341 1855 1404 subsistentiam
1870 1346 1956 1404 suam
1969 1342 2117 1412 stillantia

375 1441 480 1488 uersas
494 1427 658 1490 relationes
672 1432 815 1506 respectu
831 1425 938 1495 Patris,
957 1439 1017 1485 non
1039 1429 1182 1500 respectu
1213 1421 1236 1480 i·
1279 1421 1382 1487 mado.
1400 1435 1491 1500 quam
1508 1437 1562 1498 per
1576 1425 1773 1486 creationem.
1790 1420 1877 1486 Unde
1894 1424 1983 1502 paulo
2000 1424 2115 1494 iohaile-

377 1523 502 1585 psoram
517 1508 555 1569 ad
572 1509 788 1572 inrieemtaam
801 1510 884 1570 clare
898 1506 973 1568 dixit
989 1501 1237 1584 Gregoriusspi·
1279 1520 1346 1566 rura
1361 1505 1413 1564 nit:
1430 1504 1469 1566 St
1482 1505 1751 1587 quondoquidem
1765 1521 1834 1570 non
1858 1507 1986 1569 chenus
2015 1515 2051 1570 εει
2072 1511 2112 1575 h·-

375 1588 466 1651 ritnm
482 1606 544 1652 aon
561 1605 632 1654 esse
647 1592 768 1664 lilium,
785 1592 845 1654 hoc
862 1594 920 1653 est.
935 1590 1115 1651 distinctum
1131 1601 1234 1670 essee
1283 1587 1345 1650 lius
1360 1603 1382 1648 u
1395 1585 1502 1658 Putre,
1516 1589 1573 1656 sert
1585 1605 1628 1653 eu
1639 1591 1708 1669 ipso
1723 1589 1965 1666 penitenetiom
1977 1605 2041 1653 non
2057 1593 2116 1657 ulte·

375 1671 464 1744 Filia,
483 1675 934 1752 propterhahitudinemquam
950 1671 1065 1733 haheat
1092 1671 1234 1744 interse,
1280 1685 1345 1732 utus
1359 1675 1404 1731 εει
1419 1670 1558 1748 spiritu
1573 1679 1717 1735 sauctus.
1743 1670 1855 1733 Verum
1883 1671 1986 1735 Filius
2013 1676 2119 1752 quidem

375 1754 436 1816 hoc
451 1761 508 1830 est,
533 1763 657 1836 propter
671 1763 805 1820 mutuam
820 1756 1014 1819 relationem.
1281 1753 1481 1830 curiosulus,
1495 1754 1621 1832 penius
1635 1755 1706 1818 sine
1718 1753 1895 1834 principia.
1907 1755 1977 1818 sine
1994 1759 2118 1835 tempora,

416 1836 577 1900 Praeterea
592 1842 683 1918 paulo
695 1840 771 1902 inlra
785 1839 903 1902 scribit:
921 1837 1034 1899 eodem
1050 1833 1141 1898 mado
1155 1831 1236 1894 Filio
1281 1840 1414 1898 cunctus
1429 1842 1538 1905 autern
1553 1836 1693 1914 Spiritus
1706 1853 1813 1916 neque
1827 1838 1954 1915 punitus
1966 1845 2018 1913 εει,
2033 1854 2118 1920 neque

376 1918 454 1980 nihil
468 1920 580 1984 deesse
595 1939 649 1984 cur
664 1939 725 1986 noa
742 1923 783 1985 sit
797 1923 896 1993 Pater,
913 1925 943 1982 el
956 1925 1057 1991 tamen
1083 1933 1144 1978 nou
1166 1931 1238 1978 csse
1284 1923 1422 1994 erectus,
1438 1920 1496 1981 sed
1510 1935 1553 1982 eac
1567 1920 1663 1982 Putre
1676 1923 1864 1998 procedens,
1883 1925 1912 1982 et
1934 1922 1972 1984 cic
1993 1921 2066 1982 Filio
2080 1941 2119 1985 aa

378 2001 585 2081 Patremquia
600 2005 744 2068 nimirum
756 2005 871 2067 habeut
886 2003 1043 2081 appositas
1056 2001 1235 2062 relationes.
1283 2002 1418 2079 cipiens.
1436 2001 1472 2062 Et
1486 2017 1555 2080 pag.
1572 2002 1644 2065 223.
1662 2002 1780 2065 Omnia
1794 2002 1894 2084 oceo
1919 2008 1994 2066 sunt
2019 2011 2118 2080 creata,

378 2082 415 2145 Et
428 2084 518 2162 panta
533 2087 609 2164 intra
625 2087 711 2168 ponit
726 2088 880 2166 cataplum
896 2085 991 2154 Adae.
1008 2085 1087 2145 crac
1110 2087 1140 2145 et
1164 2080 1240 2144 Seth
1283 2085 1370 2146 solers
1384 2099 1458 2146 aera
1474 2083 1578 2148 Filius
1594 2085 1650 2148 itai
1664 2086 1792 2164 qenins
1804 2091 1859 2158 est,
1884 2091 1915 2148 et
1927 2087 2012 2148 eolus
2035 2085 2117 2164 Spirl·

378 2183 508 2242 quarum
524 2170 613 2230 adnm
630 2187 647 2232 a
662 2171 747 2234 nulla
762 2169 959 2239 esthamoe,
975 2164 1232 2228 Eraasoloriro.
1285 2173 1336 2230 tus
1349 2172 1481 2229 conotus
1497 2181 1541 2246 eu·
1556 2170 1648 2230 l’otrc
1661 2171 1824 2246 proeesse,
1850 2173 1880 2230 et
1894 2185 1937 2230 em
1951 2168 2030 2232 stlta
2050 2185 2121 2232 accc·

378 2247 450 2308 Seth
467 2247 680 2334 ahvutroquec
692 2251 787 2342 A'ct'tlff
800 2251 827 2314 rt
840 2268 912 2313 ποτε
924 2241 972 2328 ipa
984 2247 1105 2320 uuna
1120 2229 1241 2308 csend
1282 2251 1344 2330 pit:
1360 2251 1575 2331 reliquuucro
1591 2253 1706 2315 crnuin
1732 2257 1808 2338 sunt
1836 2255 1957 2322 erecta,
1985 2257 2012 2312 ει
2034 2267 2121 2332 neque

377 2328 414 2394 ὸέ
428 2329 446 2409 ἡ
462 2332 532 2408 Eum
544 2334 646 2414 τμῆμα
659 2334 712 2396 rei
725 2337 915 2413 recuperes.
929 2331 958 2392 ri
978 2329 1038 2394 δὲε
1057 2329 1126 2408 iii:
1139 2327 1240 2407 ἀμφε-
1283 2349 1454 2412 proprema
1469 2348 1514 2396 cae
1527 2335 1622 2397 Patre
1634 2339 1889 2414 praecesseram,
1905 2347 2008 2414 neque
2034 2349 2071 2396 ena
2084 2335 2123 2398 lt·

377 2411 472 2494 ripuar
485 2406 625 2493 εένεημα.
644 2415 738 2492 Quid,
756 2410 865 2496 iuquit,
889 2422 959 2478 crau
972 2413 1096 2476 Adam?
1108 2411 1240 2491 tipmen·
1285 2415 1328 2477 iio
1346 2423 1549 2495 acceperunt.
1567 2416 1636 2496 Pap.
1654 2416 1726 2478 eia.
1757 2415 1823 2493 Qato
1853 2418 2012 2492 ostendat,
2033 2415 2122 2496 iuquit,

379 2503 449 2558 tum
463 2493 531 2559 liei.
551 2497 634 2574 Quiri
649 2501 719 2563 cau
731 2501 746 2561 i
760 2506 960 2579 sepimentum
972 2496 1129 2578 liquenti.
1157 2492 1242 2570 Quid
1284 2499 1405 2578 sontem
1419 2515 1463 2561 em
1472 2499 1571 2577 tonte,
1589 2515 1632 2563 eac
1646 2500 1741 2563 Putre
1757 2506 1786 2562 et
1803 2499 1969 2580 Urtiqenito
1991 2497 2124 2578 Spiritum

379 2577 474 2645 seth?
486 2596 618 2658 perrucn
633 2598 676 2645 eac
689 2582 915 2663 utroque.Cum
929 2597 1003 2658 erqo
1017 2578 1170 2640 histrihus
1185 2576 1241 2639 ha·
1285 2588 1447 2644 sunctum.

377 2662 515 2724 minibus
532 2669 593 2727 trus
608 2665 728 2733 dininas
743 2681 891 2745 personas
907 2663 1072 2742 Gregorius
1084 2676 1240 2737 compara·
1328 2663 1401 2728 ltcm
1418 2663 1448 2725 in
1467 2663 1673 2741 hachenpag.
1691 2664 1763 2728 332.
1781 2663 1922 2744 Spiritus
1933 2663 2030 2738 Sciet
2043 2662 2125 2742 Spiri·

377 2745 499 2819 rareril‚
517 2745 586 2824 quis
602 2763 664 2809 nun
679 2748 762 2811 ridet
775 2763 814 2811 ex
837 2746 988 2810 scatentia
1013 2743 1163 2824 Gregorii.
1190 2741 1239 2803 ll·
1294 2753 1343 2808 tus
1359 2748 1462 2809 l’ulris
1480 2791 1487 2820 ‚
1518 2753 1548 2810 ει
1562 2747 1700 2825 Spiritus
1712 2747 1790 2810 Filii
1803 2763 1874 2810 non
1885 2747 1986 2825 justu
2001 2745 2125 2826 aliquan

381 2826 458 2890 lium
475 2843 545 2891 esse
560 2845 576 2890 a
592 2830 689 2894 Patre.
704 2831 850 2910 Spiritum
867 2845 936 2910 reru
951 2845 967 2890 a
984 2828 1068 2888 Patre
1084 2832 1115 2887 cl
1128 2824 1223 2886 Filio?
1287 2830 1561 2909 compositionem,
1575 2827 1854 2912 quemadmodum
1867 2833 1905 2892 iu
1918 2829 2007 2892 εοειε
2033 2832 2125 2892 εειειε

419 2909 530 2974 Sextus
546 2909 676 2991 cyrillus
688 2911 986 2992 Hierosolymilanus
998 2908 1153 2972 catechl.
1169 2913 1241 2970 ante
1284 2918 1313 2974 ει
1328 2913 1563 2992 εοψεεεεεάεέε
1577 2913 1683 2974 medio
1697 2915 1801 2975 Patris
1815 2919 1846 2974 ει
1859 2913 1938 2976 Filii
1952 2927 1993 2975 cm
2007 2910 2125 2988 Petrect

379 2993 462 3055 mod.
479 3010 490 3052 ε
506 2993 592 3056 curas
606 3001 743 3058 tanturn.
761 2996 870 3074 iuquit,
888 2999 944 3063 εει,
958 2993 1157 3072 olquetdern
1170 2989 1243 3068 Spi·
1286 2994 1390 3057 Fititu
1406 2993 1516 3059 tertius
1530 2995 1792 3068 nomenclatura.
1809 2995 1880 3074 Peg.
1914 2993 1983 3058 ete.
2009 2996 2043 3060 Si
2065 3009 2122 3058 cera

379 3076 462 3140 citrea
485 3075 622 3139 Sanctus
635 3079 769 3141 uernans
792 3084 822 3140 ει
841 3076 1027 3149 subsisteres,
1050 3075 1109 3154 qui
1122 3073 1243 3150 ubique
1289 3077 1427 3140 christus
1448 3095 1492 3141 em
1513 3077 1608 3141 Patre
1630 3078 1772 3141 creditur
1787 3078 1871 3141 Deus
1886 3093 1929 3140 cao
1943 3077 2014 3146 Deo,
2028 3084 2056 3141 ει
2069 3077 2124 3156 Spi-
2176 3147 2177 3152 .

381 3157 514 3221 cunct
526 3158 612 3221 Filio
624 3162 727 3230 adesi.
755 3175 825 3222 acu
834 3160 893 3238 qui
903 3158 945 3220 ch
956 3173 1011 3219 ore
1034 3163 1064 3218 ει
1074 3156 1169 3218 tontis
1180 3155 1242 3216 Pa·
1286 3162 1367 3223 ritus
1382 3177 1424 3224 es
1447 3159 1580 3231 christo,
1598 3167 1655 3222 out
1667 3159 1706 3222 oh
1719 3163 1878 3241 ulnisque.
1894 3161 1966 3240 Peg.
1980 3159 2046 3224 350.
2063 3161 2124 3230 litu.

380 3241 439 3302 tris
451 3248 479 3302 et
489 3241 569 3302 l‘tltt
584 3243 744 3321 loquendo
756 3239 925 3321 fueretur,
936 3240 987 3303 uel
998 3238 1193 3320 effleturuut
1206 3239 1245 3300 in
1286 3242 1395 3322 inquit,
1414 3259 1457 3306 eu
1470 3246 1537 3306 nitu
1552 3249 1596 3306 εει
1610 3241 1724 3306 Filius.
1744 3242 1885 3322 Spiritus
1901 3250 2125 3308 arucmsuuctur

379 3327 488 3392 ocreae
499 3321 716 3403 diffundetur,
733 3323 1037 3394 sedsubstunlialts‚
1062 3321 1197 3402 loqueos
1217 3321 1244 3384 i·
1288 3326 1499 3407 cocleisque.
1516 3326 1588 3407 Peg.
1606 3325 1676 3388 351.
1694 3325 1826 3396 Filium,
1845 3326 1954 3404 tuqult,
1969 3333 2054 3391 uorat
2068 3341 2125 3388 utu

377 3418 437 3484 pse
450 3412 479 3468 ει
493 3421 633 3484 werona
648 3414 707 3473 ειε.
723 3407 779 3472 chi
794 3424 857 3469 nun
872 3408 989 3468 diceret
1002 3404 1153 3484 cyrillus,
1172 3419 1244 3466 eum
1288 3410 1346 3490 qui
1360 3417 1410 3490 ost¹
1419 3427 1461 3473 eac
1474 3409 1556 3488 ipso,
1575 3408 1732 3488 Spiritum
1746 3425 1821 3472 uero
1835 3413 1986 3471 sonetum
1997 3409 2034 3471 ah
2044 3410 2123 3474 utru·

380 3504 443 3551 uon
458 3487 581 3550 {ermari
595 3491 746 3569 corporali
772 3490 863 3552 mado
878 3490 916 3558 oh
928 3503 981 3550 are
995 3488 1093 3550 Patris
1108 3493 1139 3549 ct
1158 3485 1239 3554 Filii.
1288 3507 1362 3572 quc.
1385 3491 1422 3553 lit
1441 3493 1530 3553 inira:
1547 3493 1640 3558 durii.
1657 3509 1675 3554 a
1692 3491 1784 3568 hone.
1801 3493 1891 3572 quoti
1905 3491 1999 3553 Pater
2010 3493 2072 3555 ceri
2084 3489 2126 3552 Fi·

380 3569 594 3636 aisicrederet
617 3587 688 3634 eum
704 3573 813 3651 spirari
838 3573 940 3651 aliquo
962 3572 1086 3633 modos
1112 3570 1199 3631 Patre
1213 3573 1245 3630 el
1289 3575 1327 3634 lii
1348 3579 1393 3636 aet
1414 3574 1611 3638 Patulcius
1634 3575 1705 3645 latu,
1729 3574 1876 3637 etFitius
1891 3575 1959 3638 ceri
1973 3575 2126 3639 l‘atrisluu

380 3653 469 3715 l'ilio:
486 3656 560 3715 satis
582 3655 663 3716 euim
689 3663 754 3717 erat
767 3654 884 3726 dicere,
912 3669 973 3715 noo
989 3652 1111 3718 [armari
1137 3652 1174 3713 ah
1189 3665 1244 3716 oro
1288 3657 1328 3719 dc
1351 3657 1432 3729 tuce,
1454 3671 1524 3720 uon
1536 3658 1619 3719 sicut
1632 3657 1779 3734 tecturae
1794 3663 1852 3720 ortt
1866 3663 2030 3721 creaturae
2042 3657 2128 3718 anau·

382 3734 492 3800 Patris.
505 3737 574 3798 tuta
588 3753 661 3816 erqo
673 3737 814 3818 cullius,
846 3736 1003 3816 Spiritum
1017 3740 1155 3800 sanctum
1170 3749 1243 3797 esse
1287 3755 1329 3802 nc
1349 3740 1468 3802 solum:
1489 3745 1519 3802 et
1540 3740 1678 3820 Spiritus
1698 3745 1830 3804 sanatus
1854 3739 1993 3818 Spiritus
2005 3739 2126 3802 nectutis

383 3817 530 3898 Spiritum
545 3818 640 3881 Patris
656 3827 686 3882 et
700 3821 782 3895 Filii,
799 3826 829 3882 el
843 3821 883 3880 uh
898 3825 1028 3898 utroque
1051 3817 1220 3898 procedere
1234 3861 1243 3894 ,
1290 3828 1346 3898 εει,
1370 3823 1431 3886 lucc
1445 3824 1541 3886 tertio
1556 3841 1577 3884 a
1591 3825 1685 3886 Putre
1699 3829 1728 3884 ει
1742 3822 1838 3885 Filia.
1857 3823 1893 3884 lit
1906 3823 1993 3885 iutra:
2011 3821 2127 3902 Spiritu

383 3901 440 3966 sed
453 3902 547 3964 modo
561 3901 711 3980 spirituali
726 3907 757 3966 et
770 3901 931 3968 ineffabili.
976 3938 979 3945 ι
1291 3912 1422 3969 sanctus
1445 3922 1488 3970 cu
1508 3907 1604 3970 Putre
1624 3912 1653 3970 et
1675 3921 1718 3969 aar
1732 3905 1815 3970 rtur
1829 3905 1919 3968 soluts
1936 3911 1980 3970 εει
1994 3903 2128 3969 lauacri·

425 3983 582 4063 Septimus
596 3983 733 4063 loannes
748 3984 984 4066 chrysostomus
999 3990 1060 4048 tam
1073 3984 1103 4049 5.
1119 3983 1203 4048 hom.
1215 3981 1245 4046 l.
1291 3989 1375 4050 tutis.
1488 4027 1490 4034 ·

382 4067 422 4129 de
436 4066 542 4147 Symh.
564 4069 636 4143 Istc,
652 4069 763 4148 inquit,
776 4076 822 4131 εει
836 4068 975 4146 Spiritus
986 4069 1027 4131 ric
1040 4066 1137 4130 Patre
1151 4073 1181 4128 et
1192 4065 1246 4128 Fi·
1331 4069 1436 4134 Nanos
1461 4070 1608 4152 Dydimus
1625 4069 1847 4134 Alexandrinus
1873 4070 1932 4132 tlh.
1959 4071 1989 4134 2.
2015 4067 2050 4132 dc
2064 4068 2128 4148 Spir.

382 4150 639 4229 Nemausiens,
655 4148 1245 4231 quidlatdttpruprtndonu-sinqutis
1290 4160 1397 4218 sancto
1417 4154 1474 4216 ult.
1498 4153 1594 4215 mede
1617 4153 1685 4216 Nou
1697 4153 1978 4234 loquituninquit.
1996 4151 2130 4214 escuell-

380 4237 481 4312 praut
492 4233 570 4294 υεειι.
586 4233 622 4293 Et
637 4234 741 4296 humil.
761 4236 791 4298 2.
815 4235 927 4298 Istunc.
951 4234 1061 4313 inquit,
1087 4231 1246 4312 Spiritum
1287 4251 1358 4314 psa,
1374 4237 1433 4298 hoa
1444 4241 1498 4309 est,
1510 4251 1579 4298 nau
1589 4237 1660 4300 sinc
1669 4253 1742 4298 rnen
1756 4241 1784 4298 et
1795 4235 1903 4299 Putris
1916 4235 2053 4300 arbitrio.
2066 4236 2130 4314 quia

382 4317 1245 4397 cunctatiociaimusl'ntrietciliocoaequotemetpro·
1288 4318 1518 4398 inseparabilis
1533 4335 1555 4380 u
1567 4333 1651 4388 men,
1670 4325 1699 4381 et
1713 4319 1818 4382 Putris
1829 4320 2054 4382 estuoltmtute.
2066 4317 2130 4397 quin
2176 4307 2177 4356 ι

383 4400 547 4460 cedentem
559 4399 706 4463 chtttrc
732 4401 867 4463 cicilia.
897 4397 1243 4463 cruentatorum.
1291 4417 1360 4464 raon
1381 4415 1424 4464 em
1443 4398 1478 4462 se'
1499 4406 1553 4470 εει,
1569 4403 1627 4462 saal
1642 4417 1685 4464 em
1700 4403 1901 4464 Patr-eatena
1917 4409 1971 4464 eat.
1987 4401 2128 4462 Hanania
2176 4377 2177 4424 ¹

383 4481 476 4544 Ecce.
493 4481 603 4559 inquit,
617 4485 705 4561 quod
716 4484 1005 4555 annecterentur,
1017 4484 1075 4546 scd
1086 4483 1184 4544 eticra
1197 4477 1248 4540 Fi·
1292 4485 1401 4562 ipsum
1421 4485 1510 4563 quad
1529 4483 1681 4552 seruantia.
1706 4491 1735 4546 ει
1750 4485 1906 4566 loquitur,
1922 4484 2044 4548 cPctre
2055 4487 2080 4544 ει
2091 4493 2129 4542 ae

384 4563 448 4626 lius
464 4563 622 4641 Spiritum
635 4565 741 4628 mittit.
759 4566 801 4630 he
816 4581 856 4630 oe
867 4567 971 4629 dicant
985 4566 1102 4640 Graeci,
1119 4563 1250 4644 chrysa·
1293 4567 1343 4629 itt-t
1358 4571 1413 4628 εει.
1430 4565 1568 4642 Sticho,
1586 4565 1738 4646 Spiritus,
1755 4569 1864 4648 iuquit,
1880 4574 2021 4636 sanctus,
2037 4565 2130 4644 quiasl

385 4652 519 4711 sternam
535 4648 618 4725 loqui
635 4648 674 4708 de
689 4651 849 4727 temporali
862 4649 1166 4712 missiaacdooorum
1180 4647 1248 4724 spi·
1295 4649 1435 4728 Spirittu
1454 4650 1598 4711 εεειιεειιε
1616 4698 1623 4720 ,
1647 4650 1849 4730 spiritusque
1869 4649 2057 4730 sapientiae,
2076 4659 2130 4710 naa

383 4729 461 4792 ritus
476 4731 683 4799 sanctieirlem
708 4730 865 4810 chrysost.
889 4733 972 4794 hum.
991 4732 1041 4794 ll.
1066 4731 1246 4809 explicans,
1290 4738 1393 4812 potest
1414 4731 1496 4794 Filia
1519 4732 1667 4811 loquente
1689 4735 1806 4796 audire
1826 4749 1915 4814 quae
1935 4733 2051 4802 nescit,
2072 4741 2130 4790 caat

384 4831 439 4876 cur
453 4814 574 4875 dicatur
589 4814 665 4876 mitti
678 4814 834 4893 Spiritusa
851 4815 1126 4890 FiliooPructcrem
1136 4813 1246 4891 inquit,
1294 4815 1352 4877 hoc
1366 4815 1476 4894 ipsum
1489 4815 1530 4876 sit
1543 4817 1631 4895 quod
1643 4817 1806 4894 profertur
1822 4816 1955 4889 acilio,
1972 4816 2057 4882 idest,
2070 4823 2129 4889 pro·

384 4903 413 4958 ct
427 4912 647 4976 personarum
670 4896 888 4978 differentiora
913 4899 1050 4960 ostendit
1069 4913 1144 4959 calae
1164 4898 1249 4958 duos
1294 4898 1411 4960 acuens
1432 4913 1454 4958 u
1473 4899 1617 4973 neminie,
1634 4900 1818 4961 consoletur
1831 4914 1975 4962 mancus
1991 4899 2027 4959 de
2041 4905 2129 4957 curua·

383 4981 478 5058 pontt
492 4979 642 5058 cte.lquo
658 4981 683 5043 si
700 4981 806 5044 missia
825 4981 1003 5060 exprimitur
1017 4981 1054 5042 ad
1075 4977 1248 5060 significan·
1295 4979 1406 5042 latore.
1431 4979 1466 5040 lit
1488 4995 1557 5058 pag.
1575 4996 1643 5058 seq.
1661 4981 1780 5060 Neque,
1797 4981 1908 5059 inquit,
1925 4982 1993 5045 olio
2006 4977 2129 5040 substan

385 5063 460 5125 dam.
470 5061 700 5124 distinctionem
714 5080 925 5142 personarum,
940 5079 1013 5126 rere
1028 5077 1160 5142 persana
1181 5061 1250 5139 ipsa
1294 5065 1341 5125 tin
1362 5067 1408 5125 εει
1428 5061 1565 5141 Spiritus
1584 5065 1700 5140 suncti,
1713 5075 1845 5144 praeter
1857 5067 1895 5129 td
1911 5065 1997 5146 quod
2011 5057 2128 5125 durare·

384 5145 525 5216 mittitur,
543 5161 604 5206 aaa
620 5147 685 5206 sala
697 5145 789 5207 donar:
806 5155 837 5209 et
850 5163 921 5209 eum
933 5144 1089 5208 distinctio
1101 5158 1245 5222 persona·
1294 5145 1427 5208 acilia.
1540 5185 1542 5188 -
1676 5195 1677 5200 ,
1847 5151 1876 5188 -“

386 5245 453 5292 ruor
471 5228 511 5288 sit
525 5233 659 5301 aeterua,
676 5227 754 5291 haec
769 5229 876 5292 missio
902 5236 1053 5291 aeternam
1084 5227 1249 5289 emanatio·
1336 5229 1480 5290 hesimus
1495 5225 1626 5308 cyrillus
1641 5227 1857 5292 alexandrinus
1873 5229 1927 5292 lib.
1946 5229 1993 5291 ll.
2009 5227 2037 5288 ia
2050 5225 2091 5316 ιο.Ι
2102 5237 2123 5316 e.

385 5328 458 5375 uero
473 5310 611 5373 includat
627 5325 757 5373 neccsse
773 5319 830 5374 cst.
846 5312 986 5390 Denique
1008 5309 1185 5372 Gennadius
1216 5308 1248 5369 in
1296 5310 1324 5372 l.
1345 5311 1469 5386 Verum,
1485 5309 1595 5389 inquit,
1610 5305 2122 5390 quoniumcomanerenttulisltlu

384 5412 439 5458 sua
454 5394 535 5471 apol.
553 5411 607 5472 pro
622 5393 722 5456 Latin.
740 5411 808 5474 cap.
827 5397 855 5456 l.
871 5395 888 5476 y
903 5395 934 5456 l.
951 5393 1074 5455 adducit
1089 5392 1187 5452 ‘aliurn
1204 5391 1248 5452 ln·
1294 5397 1350 5462 est,
1372 5393 1582 5472 proceditque
1601 5410 1661 5472 per
1683 5411 1772 5469 euru,
1796 5399 1925 5459 omnent
1945 5396 2011 5474 ejtu
2030 5389 2121 5452 halac

386 5493 456 5538 cum
474 5476 680 5556 chrysostomi
697 5493 734 5538 er
750 5478 832 5539 hom.
850 5477 889 5539 de
904 5473 1157 5537 incarnationem
1172 5477 1248 5536 hoec
1293 5475 1455 5552 uirtutemy
1470 5475 1544 5538 ideo
1560 5477 1615 5552 cit,
1633 5479 1713 5558 quio
1727 5479 1766 5541 tic
1777 5495 1846 5540 arec
1860 5479 2003 5558 occiput
2016 5467 2118 5536 Etialra.

386 5558 492 5620 rerba:
512 5559 600 5621 Venit
613 5559 753 5623 christus
768 5562 812 5623 ad
826 5575 905 5633 nos,
922 5557 1011 5620 dedit
1020 5556 1112 5620 nohis
1124 5558 1255 5619 discen·
1293 5557 1375 5620 Nom
1390 5573 1474 5619 cuae
1482 5573 1543 5635 per
1568 5559 1690 5623 Filium
1713 5561 1910 5626 uctttruliter
1932 5557 2077 5640 procedat.
2091 5551 2121 5607 ¹¹²

386 5642 514 5705 dentem
527 5656 570 5703 eu
582 5643 653 5719 ipso
667 5643 837 5721 Spiritum,
861 5647 891 5705 ει
903 5655 1019 5720 carptas
1032 5646 1181 5704 nastrum
1195 5655 1248 5702 su·
1291 5641 1444 5720 proprius
1460 5639 1529 5720 ejus
1544 5656 1618 5704 cum
1629 5643 1776 5706 umacus
1791 5641 1876 5722 quone
1891 5643 2028 5708 absoluta
2039 5633 2121 5704 latet.

386 5723 498 5802 scopu.
1295 5725 1441 5802 accipere
1457 5723 1851 5804 diutquuetpsuusuat.
2107 5793 2112 5806 ,

429 5807 561 5869 cataros
578 5803 767 5882 Epiphanius
783 5809 905 5871 haeres.
921 5805 973 5867 ee.
997 5821 1076 5885 quac
1098 5811 1146 5867 est
1169 5804 1249 5867 Aria·
1335 5805 1421 5882 Nata,
1439 5805 1582 5885 Spiritum
1599 5808 1765 5885 procedere
1782 5825 1836 5888 per
1850 5809 1960 5872 Filiam
1973 5822 2036 5872 auru
2048 5811 2126 5863 arnar-

388 5904 497 5950 norum
509 5903 581 5967 pag.
593 5885 733 5952 ilalscd
743 5908 847 5970 neque
861 5895 992 5954 sanctus
1009 5889 1149 5969 Spiritus
1174 5887 1249 5950 alite
1294 5887 1353 5950 hus
1368 5905 1446 5969 quae
1461 5889 1600 5952 absolute
1615 5891 1717 5952 hahet.
1735 5890 1812 5965 Quid
1828 5894 1910 5956 enim
1925 5892 1955 5954 id
1968 5887 2044 5954 aliud
2054 5875 2128 5960 siqni-

389 5969 793 6050 apiritihusurtoequutur,
808 5975 965 6052 pecaniam
977 5988 1066 6034 untes
1081 5977 1126 6034 est
1148 5969 1250 6047 Spiri·
1294 5969 1375 6047 licat,
1399 5989 1488 6050 quarn
1511 5971 1681 6035 Esseuliam
1704 5973 1847 6050 divinam,
1863 5983 2013 6038 etampes
2027 5965 2129 6030 absolu·

388 6059 439 6118 tus
453 6052 521 6129 oct,
540 6053 682 6134 Spiritus
694 6071 736 6119 eoa
750 6055 851 6120 Patre·
864 6057 1053 6136 ρτοεεειειεε,
1078 6053 1185 6131 ettiltc
1197 6068 1249 6116 ac·
1296 6059 1341 6118 tas
1363 6054 1571 6135 perfectiones
1581 6053 1716 6136 Spiritui
1731 6065 1837 6124 sancto
1852 6073 1908 6140 per
1922 6053 2130 6138 processionem
