4792 7009
1011 764 1107 825 LlBEfl
1124 764 1300 825 ambobus
1905 764 1969 825 bit*

193 952 194 957 ,
264 896 447 978 deuenit
466 895 702 980 chrysostomus
711 896 926 963 {uomendum
949 904 983 961 at
993 906 1121 978 patrem,
1169 901 1239 963 tum
1253 902 1524 981 circumferentes,
1537 911 1610 965 *aaa
1631 902 1854 965 indesinenter
1876 901 2031 966 nortann-

192 1049 196 1066 ,
258 996 333 1043 cuna
351 988 451 1043 taurea
465 984 533 1060 ipse
546 984 653 1045 senior
667 983 847 1044 innocentio
862 985 990 1046 essctnt
1004 983 1124 1058 episco·
1166 986 1218 1054 ni.
1234 985 1692 1065 quanmtsspcnteatpdmnce
1711 1000 1752 1061 aq
1770 990 2028 1062 praedamnatae.

192 1069 196 1094 ¹
258 1080 321 1141 pus
333 1065 438 1145 regiae
453 1065 550 1129 urbis.
567 1066 719 1145 Denique,
736 1065 767 1124 iu
780 1067 849 1125 ead.
873 1064 964 1140 epist.
982 1065 1058 1142 petil
1085 1068 1124 1129 ab
1210 1060 1430 1130 Duodecimum
1444 1068 1616 1146 Episcopus
1632 1066 1814 1147 patarensis,
1838 1068 1877 1129 da
1892 1072 1953 1145 quo
1983 1066 2030 1129 sic

253 1146 454 1217 tricaccabo,
471 1165 511 1210 ne
532 1149 675 1211 inimicas
703 1163 778 1209 suos
799 1149 1065 1219 excommunicet,
1082 1158 1124 1213 la·
1168 1150 1276 1211 scribat
1293 1150 1451 1217 Liberatus
1475 1151 1504 1214 ia
1529 1150 1661 1213 breviar.
1692 1165 1760 1227 cap.
1787 1148 1837 1209 22.
1862 1148 2027 1229 sutae-nu,

255 1233 351 1291 meisi
363 1232 407 1292 itii
424 1233 483 1293 boc
498 1237 684 1293 mereantur:
707 1232 855 1297 Vestram,
872 1227 983 1308 inquil.
999 1246 1058 1293 oro
1078 1234 1125 1295 oi·
1166 1230 1279 1310 iuquit,
1295 1235 1443 1301 ueniente
1455 1232 1610 1295 Pateannt
1638 1230 1832 1309 damnabilis
1858 1234 2028 1309 episcopua

255 1314 447 1391 1φ’ίιιιιιιιιιιι,
469 1322 507 1376 nl
520 1315 593 1375 licet
618 1314 728 1375 catania
758 1311 949 1373 tumultibus
975 1314 1126 1391 impleac·
1168 1313 1306 1377 ciuitatis
1319 1317 1423 1394 ipsius
1437 1318 1525 1377 acacii
1547 1317 1591 1377 ad
1615 1316 1870 1393 imperatorem,
1893 1318 1923 1375 et
1938 1314 2046 1393 qudi·-

193 1395 194 1422 ³
254 1398 337 1462 nitet.
357 1398 386 1457 ei
402 1402 512 1459 titaten
525 1399 639 1459 curati
651 1406 761 1458 aaaron
775 1395 938 1457 uolumini
955 1440 963 1469 ,
985 1410 1028 1457 ne
1042 1398 1123 1477 allil-
1164 1400 1256 1459 citam
1270 1398 1328 1461 Dei
1343 1407 1535 1463 cociomtat-as
1551 1405 1595 1459 est
1609 1399 1649 1460 dc
1666 1404 1775 1459 imolae
1786 1396 1872 1459 aenis
1887 1396 2031 1473 episcopi

253 1488 396 1558 quatur,
412 1496 519 1559 acque
534 1496 551 1541 e
566 1486 657 1541 coetu
672 1480 857 1558 maneatur.
1084 1498 1098 1510 ··
1165 1482 1372 1558 eap‘ulsionc.
1388 1482 1505 1544 multos
1521 1496 1587 1542 esse
1600 1480 1710 1543 diceas
1725 1479 1762 1541 ia
1777 1478 1835 1539 boc
1847 1478 1970 1541 arundo
1982 1494 2032 1541 re·

301 1561 448 1623 (inlatas.
467 1564 505 1623 s.
515 1561 646 1643 ipitius
661 1565 752 1640 epist.
767 1561 817 1623 to.
834 1560 871 1621 ad
897 1558 1031 1625 Nestor..
1048 1568 1079 1624 ct
1093 1580 1125 1625 a·
1166 1577 1233 1641 pus.
1256 1571 1286 1625 ct
1297 1580 1366 1627 noa
1391 1580 1456 1627 esse
1468 1580 1585 1637 ιιιιιιιιι,
1601 1565 1684 1624 sicut
1695 1562 1751 1623 illc
1769 1576 1860 1639 papa
1875 1565 1920 1623 eal
1932 1574 2032 1637 super

192 1651 195 1666 ‘
256 1644 334 1723 pist.
353 1638 411 1708 iij.
421 1645 459 1706 ad
472 1646 547 1707 cicc.
563 1653 595 1708 et
608 1662 682 1725 pop.
693 1644 923 1719 constantinop.
934 1643 1051 1718 scribit,
1068 1645 1125 1708 Ne·
1166 1646 1347 1709 Ecclesiam
1360 1649 1478 1709 contadi
1499 1649 1606 1713 cotim,
1621 1663 1642 1705 a
1655 1660 1719 1707 sun
1739 1640 1813 1707 sede
1828 1643 1997 1721 caraunus.

193 1737 194 1742 ’
256 1727 739 1794 storiumnisiintraterminnm
761 1724 1126 1805 namtasttucpaparo·
1168 1780 1172 1788 .
1207 1727 1474 1791 Decimustertius.
1491 1724 1683 1790 lastinianus
1705 1727 1810 1787 senior
1831 1726 1985 1803 Augustus
2001 1725 2033 1786 in
2136 1792 2139 1799 ,

249 1812 586 1889 aaranopraescriptum
598 1811 828 1873 haeresessuas
841 1811 1015 1876 teroeetab
1026 1813 1124 1872 earm·
1168 1809 1262 1889 epist.
1279 1812 1316 1872 ad
1331 1812 1418 1873 loau.
1436 1811 1476 1873 ll.
1494 1820 1574 1889 quate
1600 1811 1729 1871 barbatus
1745 1812 1775 1869 iu
1791 1807 1865 1871 God.
1889 1806 1921 1869 ia
1938 1807 1967 1867 i.
1985 1809 2030 1869 tit.

193 1901 194 1972 ἴ
255 1894 319 1955 bus
345 1902 379 1954 ut
395 1893 688 1955 excommunicatum
704 1889 924 1971 etdcpositutn
946 1892 1062 1954 debere
1084 1896 1126 1957 ai·
1166 1892 1337 1965 Neaeram,
1355 1894 1463 1973 inquit.
1479 1895 1629 1971 patimur
1655 1892 1859 1971 quidquam,
1886 1889 1975 1970 qnod
1989 1891 2035 1952 ad

192 1985 195 2007 ³
251 1974 371 2036 inridit
387 1972 1125 2055 inepist.iil.ndCoeleslin.‚queminiascn‘ptie·
1166 1974 1391 2057 ¹L'ccleaiprnm
1403 1982 1524 2039 simum
1544 1975 1698 2053 partiaci,
1727 1974 1816 2053 qnod
1835 1986 1915 2035 aon
1931 1972 2033 2043 etiam

193 2065 194 2086 ¹
255 2059 548 2134 manumissionum
560 2059 679 2120 Patrem
693 2058 838 2136 appetiot,
855 2056 931 2135 petil
943 2056 983 2118 ab
998 2070 1126 2121 eotnom
1166 2065 1296 2121 nestrae
1309 2060 1491 2121 innotescat
1505 2057 1681 2129 sanctitati,
1695 2071 1780 2135 quac
1800 2062 1898 2136 copul
1922 2059 1969 2117 eal
1993 2070 2026 2116 o·

250 2141 415 2203 ‚retitcum
430 2140 568 2204 ticamrio
588 2141 627 2203 ad
640 2140 873 2217 tempusadbnc
893 2141 1124 2219 comanuuieari,
1167 2142 1297 2207 mnium
1309 2140 1740 2217 sanctarumiicelest'arum.
1854 2152 1858 2161 ·

193 2231 194 2256 ³
254 2240 296 2285 an
313 2224 548 2303 rcrodeipccps
568 2224 606 2286 ab
626 2221 884 2287 omnibusritari.
911 2221 994 2295 Quae
1023 2226 1126 2289 omnin
1578 2246 1581 2251 ·

255 2306 335 2369 satis
351 2306 582 2387 declarantque
598 2308 666 2367 loco
681 2322 840 2369 romanum
855 2304 1126 2388 pontiileemsdp·
1494 2298 1613 2369 CAPUT
1627 2302 1706 2366 xit.

255 2389 350 2451 rillus
366 2389 601 2457 habueritne]
623 2388 859 2451 indemnatione
874 2404 911 2449 ae
932 2388 1127 2465 depositione
1832 2422 1838 2439 =
1974 2424 1976 2431 ν

255 2470 404 2542 Nestorii,
428 2472 503 2533 nibil
520 2489 554 2535 se
568 2472 657 2534 atiud.
674 2488 766 2549 quarm
781 2476 1013 2550 exequtdorcm.
1031 2477 1061 2533 et
1074 2474 1126 2535 ad·
1284 2471 1375 2535 Idem
1387 2472 1548 2553 probatur
1562 2487 1605 2533 aa
1617 2466 1768 2532 Patribus
1792 2465 1914 2537 minan.

253 2553 434 2616 ministrum
451 2555 567 2617 romani
582 2554 740 2635 pontificis
752 2552 940 2615 exhibuerit·
960 2552 997 2614 tat
1009 2557 1040 2615 in
1069 2556 1124 2620 tib.
1165 2594 1170 2601 ·
1281 2598 1289 2615 -.
1415 2630 1417 2635 ,

258 2637 358 2699 ibes.
373 2634 602 2715 betramum,
626 2654 736 2700 omnes
745 2636 946 2721 jencdioino
962 2643 1063 2715 caput
1074 2639 1126 2701 ia·
1212 2636 1279 2701 lam
1295 2654 1333 2700 ex
1348 2636 1462 2700 Latinis
1477 2637 1509 2699 b.
1526 2634 1696 2715 Cyprianus
1724 2648 1818 2710 saepe
1846 2631 1907 2693 boc
1927 2629 2031 2725 docet.

260 2719 405 2795 atinent,
421 2722 616 2799 elprimalea
630 2721 751 2784 mnndi
770 2725 929 2797 tanquam
942 2719 1011 2796 ipa·
1025 2722 1127 2788 domi
1169 2719 1231 2782 Sed
1254 2728 1416 2798 autequam
1439 2721 1505 2781 ioca
1521 2719 1646 2797 proptia
1660 2716 1833 2778 adieramus
1850 2760 1858 2790 ‚
1876 2713 2031 2791 expiscan-

257 2818 307 2864 no
320 2802 399 2865 dean
411 2802 579 2867 obediunt.
599 2804 688 2866 ltere.
716 2801 871 2863 Debemus
893 2816 978 2873 noa,
1007 2809 1045 2864 nt
1068 2804 1127 2885 qni
1167 2804 1246 2869 darm
1255 2810 1302 2865 est
1316 2803 1450 2865 breviter
1460 2806 1675 2881 argumentum
1692 2798 1760 2859 iibri
1777 2798 1848 2875 ejus
1861 2796 1901 2859 tto
1917 2796 2034 2888 acritate

253 2884 410 2948 manbre
422 2901 548 2959 eumue,
561 2887 661 2966 capiti
674 2892 782 2947 nostro
801 2900 941 2949 ronmno
953 2884 1125 2964 pauida,
1165 2885 1341 2961 Ecclesiam
1359 2886 1431 2947 inde
1453 2888 1536 2946 enim
1552 2885 1609 2945 atio
1627 2883 1696 2962 ejus
1721 2878 2035 2971 testiinonia'iaettrus

249 2972 293 3030 et
307 2968 587 3047 apostoticaeeem·
601 2972 780 3031 adtremere
801 2970 863 3028 etc.
1164 2969 1392 3047 intelligentur.
1409 2967 1505 3046 igitur
1517 2968 1595 3048 tibro
1608 2965 1646 3027 de
1661 2964 1775 3025 unibrte
1788 2961 1948 3041 Ecclesiae
1964 2976 2036 3038 pro·

300 3050 489 3126 Quaererba
502 3068 563 3113 non
580 3053 732 3113 habeatur
747 3053 778 3111 in
792 3050 847 3110 tib.
864 3048 958 3111 Lines.
972 3049 1027 3128 qui
1043 3067 1127 3115 nunc
1170 3052 1309 3131 positum
1321 3058 1369 3113 cst
1383 3054 1559 3122 ostendere,
1584 3048 1615 3109 iu
1637 3063 1698 3125 quo
1714 3047 1863 3107 consistat
1875 3042 2036 3136 Ecotesiae

259 3138 396 3209 exstant,
412 3134 468 3196 scd
484 3135 644 3196 citantura
667 3134 699 3196 b.
713 3134 826 3193 Thoana
849 3134 881 3193 in
907 3131 1022 3209 opusc.
1039 3143 1122 3197 cont.
1169 3135 1283 3203 naritus,
1296 3151 1332 3195 nc
1346 3134 1478 3212 primum
1495 3133 1694 3200 demonstrat,
1711 3128 1794 3199 unde
1819 3126 1933 3189 oriatur
1961 3125 2037 3185 dirr-

249 3216 380 3290 araca,
396 3224 428 3277 et
442 3235 458 3276 a
473 3215 811 3279 GeneradiaScbulario
821 3230 935 3293 graeco
954 3222 1079 3277 auctore
1095 3218 1126 3278 in
1167 3217 1219 3279 siu
1231 3224 1262 3279 et
1283 3216 1433 3277 haeresis:
1450 3216 1517 3277 tiae
1529 3230 1564 3277 eo
1576 3210 1622 3291 fit,
1635 3212 1751 3291 inquit,
1773 3211 1854 3273 duta
1879 3210 1925 3270 ad
1947 3208 2033 3271 neri-

256 3298 315 3359 tib.
334 3299 372 3358 de
388 3299 480 3377 prim.
496 3315 573 3361 rom.
586 3298 695 3378 pontit.
712 3297 836 3360 Constat
847 3304 948 3358 antem
963 3301 1077 3359 multos
1090 3300 1126 3361 ii·
1167 3301 1244 3362 talis
1260 3300 1420 3378 ariqiaem
1431 3314 1499 3360 raon
1509 3297 1650 3370 ceditur,
1663 3310 1769 3379 acque
1784 3297 1883 3370 capul
1901 3290 2032 3371 quaeri·

255 3380 334 3443 bros
345 3380 492 3443 thesauri
515 3379 659 3460 periissc3
675 3396 744 3443 uam
766 3380 875 3443 citatur
886 3380 918 3440 in
934 3379 984 3440 iil.
1006 3383 1127 3460 synodo
1168 3388 1235 3447 tnr.
1251 3398 1311 3444 nce
1325 3382 1473 3459 ιιιαρὶιιιι·
1489 3378 1796 3445 cocleaiiadoctrinu
1807 3380 1969 3437 seruatur.

192 3466 195 3508 ¹
258 3463 533 3542 ncl.ili.lib.32.
554 3465 648 3527 atres.
672 3462 801 3544 cyrilti,
822 3478 892 3525 oum
916 3479 977 3525 non
1006 3470 1128 3526 exstent
1165 3502 1171 3511 »
1212 3464 1268 3525 Ubi
1282 3465 1338 3526 irin
1352 3464 1507 3543 proponit.
1530 3463 1642 3533 brimo,
1666 3460 1817 3537 originem
1841 3456 1975 3517 veritatis
1995 3452 2036 3517 dc

192 3562 196 3580 ·
226 3614 229 3624 ,
255 3546 479 3626 ὴοιικῑιιιιιροιι
502 3546 583 3622 iibri,
607 3547 666 3608 nisi
697 3544 940 3625 quatuordeeim.
967 3545 1125 3611 Praeclarea
1168 3546 1319 3620 Ecclesia,
1335 3548 1425 3617 idest,
1439 3546 1521 3608 uude
1537 3545 1674 3621 coeperit
1700 3541 1836 3603 doaetrina
1865 3539 1904 3599 de
1932 3536 2037 3630 Eccle-

192 3631 195 3672 ¹
253 3626 404 3690 Andrean
425 3630 629 3692 colossensis·
644 3631 827 3708 episeopus,
857 3630 889 3687 in
912 3628 1048 3690 Coracilie
1070 3629 1124 3690 sso·
1169 3630 1229 3696 εἰει.
1245 3630 1400 3703 Sannio,
1418 3635 1510 3707 caput
1530 3626 1706 3700 Ecclesiae·
1727 3628 1757 3687 ot
1779 3621 1904 3702 quidem
1919 3638 1936 3681 a
1952 3620 2036 3683 Gbu-

192 3731 195 3740 ·
252 3711 382 3772 reatino
394 3727 475 3773 sess.
493 3711 524 3773 7.
538 3711 708 3782 affirmavit,
723 3711 756 3773 iu
769 3711 936 3773 rucanas
951 3710 1054 3791 cyrilti
1069 3712 1126 3777 mi·
1171 3719 1218 3775 sla
1235 3713 1412 3779 diversum:
1426 3728 1495 3773 nam
1511 3710 1602 3788 paulo
1617 3714 1688 3771 autc
1710 3707 1950 3795 diaemtnmnes
1961 3704 2039 3796 bue·

250 3792 350 3855 silice
372 3793 541 3870 praedicari
561 3796 684 3857 rotraani¹
706 3791 860 3873 pontilicis
888 3796 1097 3856 aucurritatem
1115 3843 1123 3873 ‚
1166 3795 1288 3859 reticos
1303 3794 1459 3857 Christum
1479 3808 1641 3872 quaerere
1655 3798 1685 3852 et
1700 3788 1867 3879 naueubie
1881 3792 1923 3847 art
1939 3832 1947 3859 ‚
1965 3784 2037 3845 ratde

251 3891 322 3936 nec
338 3876 420 3937 uitus
435 3875 621 3939 Graecorum
643 3875 836 3938 contradixit.
1007 3915 1010 3919 ι
1170 3877 1257 3941 nasci
1272 3894 1383 3941 omnes
1403 3879 1574 3948 haereses,
1597 3874 1680 3953 quod
1699 3870 1849 3933 tancretius
1867 3885 1927 3931 nou
1944 3884 2038 3945 quae·

299 3958 415 4020 doubs.
431 3959 643 4021 theodoretus
658 3962 689 4021 in
705 3958 835 4035 epistnd
852 3957 986 4020 Leonem
1002 3975 1123 4038 papatu:
1168 3966 1243 4023 runt
1263 3968 1354 4041 caput
1365 3960 1534 4022 Ecclesiae.
1557 3958 1680 4027 Tertio,
1701 3953 1870 4019 doctrinam
1893 3950 2037 4011 eotclcstis

255 4039 339 4117 Epa.
354 4040 894 4125 inquitapeetoliaacnestracacdie
906 4048 1039 4119 enpcclo
1053 4057 1124 4105 ana·
1170 4042 1319 4124 magistri.
1337 4044 1428 4107 idest.
1442 4058 1521 4115 quae
1536 4040 1576 4103 sil
1589 4038 1727 4103 doctrina
1743 4033 1854 4099 liutai
1877 4035 1916 4095 dc
1930 4030 2037 4113 decic-

257 4125 409 4197 tentiam‚
432 4129 465 4186 cl
475 4126 623 4203 aanpplico
636 4132 666 4187 el
679 4124 807 4187 obceno
822 4127 1125 4187 occtrnmeanclita·
1169 4126 1228 4197 sia,
1243 4132 1274 4188 et
1289 4126 1359 4205 ejus
1373 4127 1490 4204 capita.
1617 4176 1620 4183 ,
1925 4196 1931 4208 ,

260 4212 338 4277 tent,
361 4213 398 4267 att
412 4207 494 4269 milti
508 4224 601 4286 opem
614 4209 699 4284 serat
719 4207 846 4284 junium
868 4213 1010 4268 nestram
1032 4213 1124 4270 clre-
1212 4210 1266 4269 iiis
1279 4209 1456 4287 propositis,
1473 4220 1543 4289 mox
1560 4204 1693 4269 declarat
1715 4202 1770 4266 isla
1785 4198 1874 4273 tria,
1902 4196 2035 4290 diceus:

255 4297 349 4350 ctum
361 4291 543 4368 appellanti
556 4290 736 4367 judicium,
763 4296 793 4351 ct
807 4288 923 4367 jubeat
944 4291 1057 4351 odone
1071 4306 1125 4352 ae·
1170 4290 1340 4369 Loquitur,
1359 4289 1467 4369 inquit,
1484 4288 1641 4350 Daneinns
1657 4286 1703 4347 etl
1717 4284 1846 4357 Petrum
1859 4299 1869 4340 .·
1882 4280 1948 4357 L'qo
1964 4279 2037 4339 daco

256 4386 406 4442 onmem,
424 4381 453 4435 ct
467 4375 635 4437 ostendere
648 4390 757 4435 meam
783 4373 966 4433 doctrinam
989 4374 1126 4451 ocatiqa'a
1170 4374 1239 4441 tibi,
1256 4376 1337 4453 qnia
1352 4378 1387 4435 tn
1402 4390 1433 4434 es
1448 4372 1574 4439 Petrus.
1591 4376 1619 4433 ei
1633 4384 1732 4453 snper
1746 4368 1830 4431 bum
1844 4369 1971 4442 petram
1983 4378 2036 4421 ae·

255 4455 438 4531 ‹spedolico
450 4461 648 4535 sequentem.
662 4456 718 4517 iiic
729 4454 896 4533 epriscopus
908 4454 1032 4516 asianus
1048 4464 1123 4530 erat,
1169 4456 1309 4532 dideabo
1325 4456 1502 4518 Ecclesiam
1515 4470 1645 4524 ateana,
1672 4458 1701 4513 el
1720 4456 1836 4527 portae
1855 4446 2039 4539 italicarum

250 4547 289 4597 et
310 4536 385 4598 aab.
402 4539 552 4601 &etesiis
573 4546 724 4617 praeerat.
742 4545 774 4599 ul
788 4542 856 4614 ipsc
884 4538 999 4599 ibidem
1022 4538 1120 4611 dicit,
1167 4556 1240 4602 ewa
1259 4541 1389 4608 uincent
1404 4554 1489 4601 enac.-
1505 4545 1535 4600 ct
1557 4538 1665 4601 eidem
1684 4540 1756 4611 posi
1768 4535 2040 4621 resurrectionem

258 4626 291 4680 el
306 4627 406 4681 taurea
420 4638 588 4683 ‘romanum
604 4623 780 4701 pontificem
798 4636 975 4698 supremum
986 4620 1125 4699 jaruiccm
1169 4636 1266 4683 anam
1281 4622 1372 4683 dicit:
1383 4620 1489 4683 ,Pasce
1503 4634 1575 4681 oum
1601 4632 1689 4681 nacae
1712 4622 1775 4677 alc„
1798 4613 1851 4673 tibi
1870 4610 2039 4702 Cyprianus

257 4720 351 4763 stttttn
370 4706 524 4781 nemeen.
542 4705 626 4766 idem
643 4706 673 4765 iu
696 4705 788 4783 epist.
805 4706 841 4765 ad
857 4701 963 4765 benai.
988 4703 1124 4783 presbyt.
1171 4706 1284 4773 docet,
1308 4705 1457 4781 originem
1482 4701 1615 4765 vertutis
1637 4701 1676 4761 tic
1705 4695 1855 4767 Ecclesia,
1879 4694 2039 4785 quamda-

256 4785 544 4862 numennumen.
561 4787 735 4866 inquinate
748 4786 1126 4865 camaracenorum·
1170 4789 1476 4867 aeratqmcreudam
1493 4800 1564 4849 csse
1587 4785 1617 4845 in
1636 4782 1683 4846 bis
1710 4778 1960 4871 tertiisbcuum.
1984 4773 2040 4835 tite

255 4884 321 4945 quc
341 4884 386 4930 eac
412 4870 608 4944 cicitniibna,
625 4886 732 4948 neque
743 4877 882 4931 aetatem
908 4870 947 4930 in
970 4870 1129 4945 relipione
1172 4869 1519 4947 enirucoepitdoctriua
1536 4864 1738 4930 chcclcsia:
1753 4862 2040 4935 ctsumbtercaput

257 4958 424 5024 epactam,
441 4954 724 5032 aeque-canitiem
742 4952 884 5014 reveriti.
910 4950 1124 5025 Quamobrem
1170 4952 1340 5023 Ecclesiae,
1356 4952 1437 5031 quud
1454 4950 1668 5030 quaerendum
1683 4946 1797 5011 dixerat
1815 4958 1886 5003 csse
1904 4940 2038 4999 Petrum:

257 5042 286 5093 te
300 5037 679 5111 prebeaaotsaactiset-no
695 5035 1125 5112 arcidepiccapatcanipcr·
1169 5044 1201 5097 at
1222 5034 1390 5095 eluctatum
1404 5034 1548 5097 coelestis
1571 5029 1707 5108 magistri
1723 5032 1793 5089 esse
1824 5027 1901 5085 traco
1930 5020 2039 5083 cracem

257 5120 453 5187 suadebant
468 5120 646 5196 apostolica
657 5126 771 5181 ιιιιιιιιι
786 5117 988 5180 anctoritate.
998 5117 1126 5194 pdcct-
1169 5120 1273 5179 rerba
1291 5119 1390 5190 Quare
1406 5118 1498 5195 paulo
1514 5121 1583 5194 post
1610 5111 1769 5191 subjungit
1785 5126 1831 5202 ‘ac
1853 5108 1966 5199 docet.
1986 5104 2041 5165 Ec·

256 5216 320 5277 qne
349 5203 394 5262 ad
417 5208 560 5263 nestrum
583 5200 762 5263 Concilione
778 5202 895 5262 adnm
920 5200 1014 5261 Tenet
1035 5202 1125 5263 caim
1170 5201 1295 5263 etesium
1309 5217 1378 5262 usse
1399 5215 1493 5261 tunam
1509 5200 1537 5259 iu
1554 5196 1658 5257 radice
1683 5200 1851 5269 cleopae,
1877 5190 1948 5249 ltccl
1971 5203 2039 5263 pto-

256 5290 375 5345 oanele
389 5285 559 5347 incendes
579 5284 804 5362 qnbenaacnla
812 5284 1034 5363 rependerem
1047 5300 1125 5347 cua-
1167 5284 1332 5362 progatione
1344 5282 1577 5359 multiplicetur.
1601 5288 1630 5339 et
1648 5277 1734 5355 pouit
1748 5275 1804 5335 tria
1821 5271 1976 5347 exempta,
1993 5270 2041 5363 lu-

260 5367 304 5425 cti
327 5365 663 5429 orbaaEcclesiarum:
1169 5366 1339 5437 eim-imnis
1366 5372 1400 5426 et
1415 5364 1545 5427 arrboris
1564 5376 1644 5441 quac
1666 5359 1768 5421 omnia
1798 5362 1871 5417 saut
1894 5370 1987 5417 unum
2007 5369 2039 5413 ru

299 5448 458 5511 Decimus.
476 5451 667 5511 sozomenus
686 5448 743 5510 tib.
766 5449 797 5511 3.
814 5466 884 5529 cap.
907 5447 936 5511 l.
952 5448 1032 5510 Cum
1050 5464 1125 5526 pro·
1168 5452 1285 5519 radiare,
1309 5454 1340 5509 el
1362 5448 1581 5527 propagatione
1598 5442 1865 5531 multiplicantem
1879 5434 2037 5519 Habemus

256 5534 426 5605 paersentia
437 5533 596 5611 propriae
609 5528 803 5608 de‘pnilaicm
816 5548 898 5596 ctera
919 5533 1067 5594 omninno
1081 5531 1127 5593 ad
1169 5548 1243 5609 ergo
1257 5548 1293 5591 et
1310 5526 1368 5592 boc
1382 5530 1464 5604 ioco,
1481 5532 1604 5593 tetrum
1620 5536 1690 5589 csse
1704 5529 1795 5609 caput
1816 5529 1907 5583 tottus
1933 5516 2036 5580 Lecta·

260 5613 371 5688 ipstam
384 5618 555 5694 spectaret,
571 5615 710 5693 sinpulia
724 5614 903 5676 Ecclesiam
927 5630 1024 5675 cutam
1036 5614 1125 5675 roeti-
1170 5613 1249 5681 siae.
1513 5646 1515 5651 .

1382 5676 1385 5684 t

261 5699 335 5758 tacit.
352 5697 500 5775 Loquitur
514 5699 553 5759 de
567 5697 650 5764 iulio
678 5697 703 5758 l.
726 5696 778 5774 qul
807 5700 941 5759 reddidit
962 5700 1124 5775 episcopa·
1154 5731 1177 5744 .-
1213 5696 1298 5767 Qum
1322 5702 1424 5757 autom
1441 5695 1499 5755 boc
1516 5694 1596 5753 idem
1612 5686 1739 5751 remitae
1764 5686 1913 5778 eraiscopo
1929 5698 2040 5745 conte·

260 5784 323 5840 turn
345 5780 513 5843 Athanasio
527 5781 738 5854 aimundum,
760 5780 895 5841 ctPauto
917 5779 1125 5841 constantino·
1169 5777 1247 5854 niat3
1268 5778 1401 5841 declarat
1423 5779 1503 5837 idem
1522 5775 1690 5853 cypriacus
1704 5772 1758 5831 tib.
1784 5772 1923 5847 eaput.
1948 5764 1977 5825 3.
2003 5766 2039 5827 ud

265 5862 415 5939 politane.
740 5895 759 5921 a
1023 5907 1027 5911 a
1171 5854 1745 5936 cca-aetumrequeiscentes-nate
1772 5854 2036 5923 Numantianum,

264 5984 269 5991 .
301 5945 500 6010 Undecimus.
516 5945 685 6010 Aeoliusin
701 5944 840 6024 epist.nd
858 5943 1123 6023 Simplicpapam,
1171 5942 1224 6022 qui
1248 5960 1307 6004 nou
1324 5942 1534 6019 agnoscebant
1562 5935 1738 6002 tlorrndiuua
1765 5932 1970 6017 pontificatu,
1995 5934 2040 5995 sic

263 6044 304 6106 qu
315 6045 341 6087 ae
359 6029 489 6090 babetur
503 6035 576 6089 lom.
595 6030 626 6089 2.
659 6028 823 6089 concilior.
855 6027 1124 6093 solicitudinem.
1170 6032 1227 6087 aral:
1247 6024 1609 6105 Nequucnc‘maliuade
1630 6021 1778 6083 loueresce
1795 6018 2034 6091 chariabaudi,

262 6110 371 6192 iuquit,
388 6115 537 6178 omnium
551 6112 790 6190 ecclesiaram,
803 6112 986 6179 menradum
999 6115 1123 6189 aposto·
1169 6115 1228 6172 ant
1242 6115 1323 6187 nate
1338 6115 1414 6173 suttt
1428 6108 1604 6173 calciamenta
1618 6154 1626 6183 ,
1641 6120 1742 6205 ιιιιιιιιι
1769 6103 1857 6175 iride,
1883 6102 1971 6181 qumi
1987 6116 2040 6161 δα·
