4792 7009
1010 759 1108 820 cletta
1126 759 1265 820 lettrtns
1543 776 1545 780 ·
1898 760 1949 818 tlt

244 897 419 962 minitlloc
444 903 490 962 est
513 902 774 978 corporeorum?
789 898 824 958 bt
838 903 939 960 tamen
964 896 1040 960 nihil
1055 897 1115 960 hnc
1159 896 1376 961 nectncedere
1399 892 1648 975 possepervlam
1662 893 1883 970 mandatorum,
1899 907 1959 958 nen
1974 909 2024 958 vo·

245 987 390 1058 tompore
405 982 582 1049 obscurius.
598 983 677 1060 Quid
699 984 738 1046 de
752 981 966 1062 Transylvanls
987 982 1086 1043 dicam
1104 1023 1113 1052 ,
1158 977 1222 1040 lare
1232 980 1269 1046 ad
1284 995 1335 1044 res
1346 979 1498 1044 coelestes
1513 977 1777 1058 contemplandas.

245 1064 298 1142 noi
313 1061 446 1128 ioannis
460 1066 664 1146 evangelium.
692 1065 774 1144 qnod
803 1068 923 1126 constat
949 1063 1115 1142 praecipuo
1201 1058 1355 1124 donantur
1369 1061 1494 1142 quidem
1503 1061 1670 1137 aliquando
1685 1075 1720 1122 se
1732 1060 1861 1140 eripere,
1879 1069 1906 1126 et
1923 1075 2026 1124 mores

244 1145 398 1209 adversus
412 1146 590 1222 cherintum
605 1155 637 1212 et
650 1147 800 1210 libionem
814 1145 963 1224 scriptum
975 1143 1115 1222 eccequi
1158 1145 1337 1221 emundare,
1354 1145 1411 1208 sed
1426 1159 1511 1208 more
1525 1145 1711 1206 locustarum
1726 1190 1735 1217 ,
1752 1159 1821 1204 vnnx
1834 1145 1975 1208 recidunt
1986 1145 2024 1206 od

245 1228 405 1308 negabant
421 1229 531 1293 Christi
545 1229 733 1292 divinitatem
752 1231 790 1291 ito
803 1233 868 1292 sois
883 1229 1113 1292 commentariis
1159 1231 1284 1291 terram.
1660 1265 1663 1273 -

248 1315 477 1389 perverterunt,
492 1313 611 1377 utindc
625 1313 756 1378 maxime
776 1311 910 1395 probent
927 1357 935 1388 ‚
962 1310 1116 1374 Christum
1203 1307 1351 1390 exempto
1366 1325 1437 1385 epse
1448 1312 1550 1388 potest
1563 1307 1712 1373 Saronico
1728 1306 1945 1382 visitatid‚nam
1956 1323 2026 1372 cnm

245 1407 307 1456 uon
324 1407 401 1458 osse
416 1395 541 1460 benoni
1161 1392 1576 1458 animadverterelbulberus
1589 1391 1628 1454 ob
1642 1390 1846 1470 coangelicam
1857 1390 2027 1454 libertatern

283 1475 457 1541 Veniamus
470 1478 509 1540 ad
530 1479 675 1554 locustas,
689 1492 769 1557 onae
780 1474 821 1539 dc
836 1474 918 1539 turno
934 1475 1017 1554 putei
1033 1474 1117 1538 erle·
1161 1489 1229 1536 ose
1243 1475 1460 1554 praedicatam,
1478 1479 1508 1536 ct
1519 1489 1627 1536 omnes
1645 1473 1801 1536 Ecclesiae
1826 1475 1913 1552 lepos
1942 1473 2030 1538 ebro·

244 1565 329 1620 runt.
346 1559 517 1640 Gbpbaeus
531 1563 656 1639 quidem
680 1576 734 1637 per
755 1561 901 1634 locustas,
919 1560 1113 1640 episcopos,
1161 1561 1259 1636 palas,
1278 1559 1412 1637 populos
1433 1559 1502 1620 sine
1517 1558 1582 1620 ullo
1598 1555 1702 1618 iraeno
1719 1555 1749 1617 ln
1764 1556 1833 1618 vitia
1850 1571 1939 1619 ruere
1958 1573 1966 1632 ;
1983 1556 2031 1618 in·

245 1642 381 1706 clericos
410 1650 443 1705 et
462 1647 631 1706 monachos
646 1644 799 1722 intelligit,
814 1641 871 1704 sed
886 1657 1050 1722 perperam
1063 1657 1117 1702 er·
1162 1639 1260 1702 stituit
1271 1641 1486 1712 visitationem,
1500 1647 1530 1702 et
1546 1639 1829 1718 monuit-pastores,
1856 1644 1889 1702 ot
1909 1639 2029 1718 praedi·

245 1723 346 1803 ponit:
364 1742 436 1788 narn
450 1725 543 1788 etiatn
555 1733 626 1790 ante
639 1726 778 1806 Gregorii
793 1731 929 1803 tempora
951 1731 1038 1800 erant
1051 1726 1117 1802 epi·
1162 1729 1269 1784 carent
1281 1725 1512 1801 poenitentiam,
1535 1722 1673 1785 timorem
1700 1719 1767 1798 Ilei,
1795 1721 2003 1784 obedientiam
2021 1765 2028 1794 ,

246 1809 349 1950 sggpi,
365 1807 472 1953 elerilcal
501 1815 533 1951 ct
547 1810 691 1954 ⁰¹⁰⁰f⁰.¹¹{
705 1811 735 1870 in
751 1807 911 1954 ddcclesi?¹
927 1822 985 1952 ⁰⁰1⁰
1012 1813 1115 1948 tomen
1162 1805 1352 1950 {ipcffabeono
1367 1806 1589 1952 te'mbs'etgenihss
1599 1804 1746 1949 weng]
1762 1804 1831 1867 vide
1847 1803 2031 1894 cochlaeom

245 1905 262 1950 a
311 1905 442 1954 ocexor
474 1910 492 1951 c
519 1907 613 1954 ueron
652 1905 948 1954 asnearmrares
975 1905 1115 1952 ocosse.
1176 1904 1194 1948 n
1329 1905 1463 1950 actsn
1520 1905 1544 1950 ra
1572 1905 1596 1950 a
1752 1932 1760 1949 .

245 1972 451 2051 inertissime
465 1988 538 2034 vero
558 1975 671 2048 omnio,
687 1990 768 2052 quae
783 1974 824 2036 dc
839 1974 968 2036 locustis
981 1971 1117 2036 mannes
1203 1968 1268 2032 Puri
1284 1973 1400 2033 ratione
1416 1935 1567 2033 conentur,
1585 1969 1688 2032 volere
1717 1985 1772 2050 per
1801 1968 2031 2048 contemplatio·

246 2054 334 2131 dicit,
358 2056 392 2118 in
408 2056 597 2120 botberanos
625 2063 657 2120 et
683 2060 822 2120 coeteros
846 2056 942 2136 bujus
969 2057 1118 2134 temporis
1162 2067 1246 2128 nem,
1266 2059 1296 2116 et
1310 2053 1451 2116 scribunt
1463 2053 1525 2134 jem
1548 2054 1662 2132 passim
1678 2053 1773 2114 libros
1799 2051 1839 2114 de
1860 2053 2030 2128 trinitate,

246 2137 424 2202 haereticos
438 2139 598 2217 quadrant.
614 2140 748 2202 Primum
763 2138 847 2202 enim
870 2139 1006 2201 locustae
1035 2152 1118 2200 scm·
1163 2135 1202 2197 de
1220 2135 1434 2198 incarnatione
1452 2183 1460 2208 ,
1483 2136 1584 2215 deque
1605 2135 1673 2196 aliis
1685 2135 1835 2214 ejusmodi
1850 2135 2029 2215 mysteriis,

247 2237 305 2298 per
321 2221 354 2282 in
371 2237 480 2301 magna
494 2223 688 2284 mollitudine
705 2223 822 2298 venire,
852 2227 883 2282 et
902 2222 1058 2284 turmatim
1072 2223 1119 2282 in·
1163 2219 1220 2280 sed
1234 2218 1373 2282 incidunt
1399 2220 1429 2280 in
1445 2233 1566 2282 errores
1580 2217 1789 2297 pravissimos,
1817 2219 1909 2278 immo
1925 2217 2032 2281 haere·

245 2305 489 2369 ostensorem.
506 2303 834 2382 inclementiorem
847 2303 1119 2368 bemtnnonbn·
1164 2315 1217 2363 ses
1231 2301 1526 2379 perniciosissimas,
1544 2307 1577 2363 ut
1592 2307 1674 2380 patet
1698 2299 1737 2362 de
1762 2299 1956 2379 Ubiquistls,
1979 2301 2032 2380 qui

247 2383 311 2454 bet,
327 2386 704 2466 etepredituruntoerao
727 2402 788 2466 per
814 2391 939 2451 tamnes
961 2401 1052 2450 suos.
1073 2386 1119 2450 lta
1164 2387 1260 2446 lotum
1283 2385 1468 2466 mysterium
1491 2382 1717 2446 incarnationis
1745 2390 1777 2446 et
1799 2382 1952 2446 Trinitatis
1981 2385 2034 2447 de·

246 2467 417 2532 Lutberaoi
432 2477 640 2548 caputouum·
653 2471 777 2549 proprie
798 2481 859 2534 iton
890 2471 1004 2532 babent
1021 2516 1028 2544 ,
1046 2472 1117 2548 oola
1163 2473 1296 2530 struunt.

247 2557 376 2630 negant,
400 2567 496 2617 unum
511 2567 582 2616 esse
597 2553 713 2616 debere
725 2559 819 2629 «aput
833 2552 926 2616 totius
941 2551 1114 2618 acclesiae:
1205 2548 1343 2613 Coronae
1356 2549 1388 2611 in
1404 2548 1504 2628 capite
1533 2547 1719 2610 locustarum
1749 2545 1922 2628 significant
1946 2565 2031 2612 erro·

246 2632 453 2698 nibilominus
469 2641 569 2698 tamon
595 2635 777 2698 breuissime
800 2643 936 2712 tompore
965 2635 996 2698 in
1011 2635 1119 2714 inpen-
1164 2631 1297 2710 pontiam
1322 2640 1353 2694 ct
1369 2629 1557 2712 superbiam,
1574 2649 1632 2709 que
1649 2645 1719 2694 sese
1732 2629 1863 2693 ederunt
1886 2647 1981 2710 super
1995 2651 2028 2694 o·

245 2722 309 2778 tevn
323 2717 551 2780 multitudinem
563 2725 736 2789 creuerunt,
752 2731 810 2780 noe
823 2719 946 2790 mirum,
962 2733 1120 2797 namape·
1165 2729 1255 2777 mnes
1286 2715 1442 2777 homines.
1468 2714 1571 2777 Exstat
1596 2713 1676 2776 liber
1704 2712 1828 2775 Lutberl
1853 2713 1890 2775 nd
1917 2715 2028 2778 ducem

246 2805 380 2862 ruerunt
394 2801 505 2863 ostium
520 2799 666 2864 omnibus
681 2799 799 2864 vitiosis
811 2799 1000 2863 bominibus.
1014 2800 1120 2864 Gulosi
1164 2796 1340 2877 Georgium
1358 2797 1389 2858 in
1411 2813 1448 2860 eo
1464 2799 1510 2859 sie
1525 2797 1583 2858 ait:
1606 2795 1789 2876 ltempore
1812 2796 2033 2876 apostolorum

246 2881 286 2942 ad
303 2896 360 2944 cos
376 2887 549 2956 accurrunt,
567 2883 638 2960 quia
653 2898 716 2945 non
730 2890 803 2946 sunt
826 2882 907 2962 opud
930 2879 1119 2946 lutheranos
1164 2879 1277 2943 nullus
1292 2882 1415 2952 doctor,
1433 2881 1653 2959 onrscrsptor,
1669 2879 1780 2942 nullus
1795 2878 2032 2958 tboolopusnut

247 2969 325 3026 stato
339 2963 472 3044 ieiunia:
496 2964 736 3034 incontinentes.
759 2965 831 3043 nula
861 2966 942 3044 apud
970 2981 1026 3028 eos
1053 2971 1120 3030 vota
1158 2962 1426 3044 innocensuitus.
1441 2963 1696 3042 teminoipnitor
1719 2967 1748 3025 et
1762 2962 1849 3024 ciorc
1864 2963 2030 3026 mascian-

247 3047 352 3107 omnia
368 3047 576 3110 continentiae
596 3048 822 3128 improbantur,
841 3056 873 3110 el
901 3047 1060 3112 monacbis
1074 3053 1120 3110 ct·
1165 3047 1228 3108 lios
1241 3045 1617 3108 surculariumstotoom
1631 3043 2024 3122 commonitionibus,

248 3128 308 3188 iam
339 3145 376 3192 ac
402 3129 638 3204 sacerdotibus,
669 3147 726 3192 nec
742 3145 803 3192 non
830 3131 1120 3201 sanctimonialibus
1165 3144 1205 3188 oc
1219 3129 1402 3190 comotnas
1418 3133 1472 3198 est,
1489 3129 1573 3190 sicud
1594 3143 1650 3206 epo
1665 3127 1736 3205 [eci.
1760 3127 1822 3190 Per
1834 3127 2037 3206 einfflrlnrem
2070 3131 2074 3143 ’

189 3282 190 3313 o
248 3211 1121 3374 tillitlltt‘tlltilildltltllilllltil·
1164 3210 1653 3374 illittltlsdltttttlt
1669 3209 2036 3374 lirin*

475 3339 483 3370 r
1073 3364 1075 3367 .
1108 3329 1121 3342 “
1321 3341 1329 3364 ⁹
1653 3341 1659 3356 ·

189 3396 190 3399 “
252 3382 371 3448 rantur,
393 3377 469 3438 etin
486 3378 596 3454 palatia
614 3383 845 3440 convertuntur.-
860 3378 1020 3458 lirincipes
1036 3378 1118 3442 avari
1165 3376 1537 3454 mamistanensem
1559 3375 1618 3438 boc
1644 3376 1795 3457 oequoles
1817 3379 1905 3440 sunt.
1930 3375 2035 3450 Quid,

250 3464 281 3518 ct
294 3457 463 3529 ambitiosi,
476 3457 547 3534 noia
564 3459 641 3520 bona
657 3459 867 3524 ecclesiastica
885 3506 893 3535 ‚
916 3466 948 3523 et
968 3473 1121 3540 personae
1165 3460 1250 3538 quod
1264 3475 1326 3522 non
1342 3461 1443 3524 solum
1457 3459 1610 3522 Lutbcrus
1625 3463 1656 3521 et
1666 3457 1807 3524 Calvinus
1823 3458 1910 3520 nlbili
1923 3457 2038 3523 iaciant

190 3608 191 3631 χ
250 3542 341 3602 etiam
354 3541 584 3606 ecclesiasticae
605 3557 713 3606 eornm
727 3543 870 3621 potestati
881 3545 1119 3624 subjiciuntur:
1165 3541 1251 3604 mille
1281 3539 1449 3622 cyprianus
1470 3541 1598 3606 elmille
1624 3541 1831 3622 Augustinus,
1859 3541 1914 3604 sed
1938 3543 2029 3605 etiam

254 3622 342 3684 otiosi
360 3628 392 3684 et
404 3622 521 3687 inimici
536 3624 689 3694 bonorum
705 3629 858 3704 operum,
871 3629 942 3707 quia
960 3626 1043 3707 apud
1066 3642 1121 3689 eos
1167 3623 1267 3704 quiris
1282 3623 1465 3686 llinislellus
1480 3625 1661 3688 lutheranus
1692 3624 1784 3688 babel
1805 3637 1862 3704 pro
1886 3621 1984 3688 asinis
2005 3631 2038 3688 ot

250 3708 314 3766 sola
329 3703 411 3775 tides
425 3705 548 3779 suffieit,
562 3707 747 3785 operabono
763 3723 825 3771 uon
846 3709 1119 3772 suntncoessaria.
1166 3707 1448 3786 stipitibus-omnes
1469 3706 1626 3784 Papisius?
1654 3706 1747 3768 lirant
1775 3711 1875 3768 autem
1903 3723 2037 3771 coronae

251 3787 392 3866 lienique
406 3803 517 3852 omnes
529 3788 663 3868 improbi
678 3795 711 3854 et
729 3791 855 3853 scelesti
872 3837 881 3866 ,
898 3793 970 3870 quia
999 3791 1119 3856 sublata
1166 3789 1239 3851 illae
1254 3790 1342 3868 qnasi
1359 3805 1482 3862 aureae,
1510 3790 1602 3864 idest,
1619 3804 1730 3852 aureae
1744 3788 1925 3852 videbantur
1942 3835 1949 3865 ,
1979 3791 2037 3854 sed

250 3877 297 3934 ost
312 3870 464 3950 apudeos
486 3871 658 3936 necessitas
672 3871 839 3938 conliteodi
862 3879 1011 3954 peccata,
1031 3880 1123 3936 etro·
1155 3885 1229 3934 ¹nora
1247 3878 1342 3946 erant,
1374 3872 1444 3952 qnia
1464 3871 1584 3952 lingunt
1597 3888 1633 3935 se
1652 3873 1718 3934 nelo
1747 3872 1873 3935 honoris
1900 3871 1981 3946 Ilei,
2005 3879 2035 3936 et

249 3955 364 4016 tionem
377 3951 530 4016 reddendi
546 3955 669 4034 proprio
684 3970 742 4016 suo
756 3957 885 4034 posteri,
916 3957 1000 4038 quod
1027 3957 1120 4018 mori·
1165 3954 1323 4016 charitatis
1338 3953 1456 4035 impelli
1475 3957 1513 4018 od
1530 3970 1565 4017 ca
1587 3969 1666 4033 qnae
1688 3953 1817 4030 dicunt,
1848 3969 1918 4016 cnm
1934 3960 2035 4018 brnen

249 4051 332 4098 mum
347 4049 423 4098 esse
436 4035 666 4100 soletlraenom
677 4038 906 4116 peccatoribus.
929 4039 1007 4104 Hinc
1029 4039 1122 4120 ipltnr
1166 4037 1243 4099 nibil
1259 4037 1373 4111 miuus,
1393 4053 1484 4116 quom
1501 4038 1600 4100 celum
1616 4035 1671 4099 liei
1686 4036 1836 4100 noverint.

250 4117 288 4180 ita
305 4117 712 4199 multipliconlorlooustae.
852 4124 854 4127 ’
969 4173 975 4184 .
1129 4172 1133 4184 .
1207 4119 1322 4182 Dentes
1336 4120 1450 4182 leonini
1465 4118 1976 4200 stpnlltcenldetrncrtones,qotbus
1988 4135 2036 4185 as·

288 4199 515 4264 Describuntur
526 4205 628 4264 autem
643 4201 702 4264 hoe
714 4201 1119 4269 locustaeastnctoinonoe
1164 4201 1266 4275 sirloc,
1280 4207 1311 4266 et
1321 4202 1429 4269 literis.
1443 4208 1473 4264 et
1485 4203 1680 4266 sermonibus
1691 4203 1825 4266 lacerant
1836 4201 1944 4264 lamam
1959 4219 2035 4281 pnn-

250 4283 518 4346 mirobiliter.llonr
534 4286 677 4346 dicontur
691 4285 805 4348 habero
819 4287 926 4352 taciem
939 4289 1117 4364 humanam,
1165 4283 1497 4361 nicomacheorum,
1521 4287 1738 4349 monachornm
1751 4291 1781 4348 el
1793 4285 1928 4366 ipsorum
1943 4287 2034 4348 etiam

249 4364 343 4428 immo
357 4366 452 4430 eliam
468 4367 662 4442 muliebrem,
680 4369 808 4432 caudam
823 4371 1035 4450 scorpionum,
1051 4385 1118 4433 cor·
1166 4375 1355 4443 sanctornm,
1373 4369 1425 4448 qul
1441 4385 1511 4444 com
1527 4367 1590 4431 lien
1605 4367 1737 4431 lelieiter
1751 4373 1891 4448 regnant.

250 4465 308 4525 pus
323 4449 526 4544 locustarum:
543 4450 616 4512 item
645 4454 676 4512 in
705 4449 807 4528 cupite
832 4459 954 4532 pestem
973 4467 1117 4516 coronam
1204 4449 1329 4514 bisone
1354 4451 1595 4514 detractionibus
1621 4451 1727 4514 nutriri
1753 4452 1909 4524 videnlur,
1927 4455 2032 4514 ellam

250 4532 752 4694 illillt‘llhdlllltlil
766 4533 1119 4699 llllllnlllllll
1163 4533 1267 4698 ttllt
1280 4531 2035 4697 lltllaltlll,ltlltlllllldltts‘.

252 4693 324 4775 equi
339 4697 435 4776 parati
451 4697 488 4759 ad
504 4697 674 4771 bellurn,et
684 4697 804 4764 sonitus
817 4703 936 4764 clarum
950 4716 1053 4764 cerum
1067 4717 1118 4764 au·
1165 4698 1327 4762 solentiam
1341 4700 1464 4779 penitus
1479 4699 1665 4763 aruisse-ld
1679 4699 1753 4762 salis
1768 4702 1861 4778 petet,
1878 4703 1940 4760 tum
1953 4713 1991 4762 er
2001 4715 2035 4761 a·

253 4778 395 4842 diebatur
408 4780 496 4856 quasi
512 4780 632 4842 sonitus
649 4797 795 4844 cunnum
807 4785 1041 4846 currentiumad
1053 4783 1118 4847 bel·
1164 4781 1227 4857 liis,
1244 4797 1324 4861 noae
1338 4782 1369 4844 in
1386 4797 1491 4846 eorum
1507 4782 1594 4844 libris
1610 4781 1723 4860 passim
1738 4781 1893 4860 leguntur,
1916 4785 1980 4842 lom
1996 4795 2034 4844 er

252 4859 328 4935 torn,
341 4869 374 4924 ct
387 4861 650 4941 habebuntsoper
664 4879 700 4926 se
714 4879 817 4942 regern
833 4866 975 4946 aopelnm
988 4866 1091 4946 abyssi
1107 4910 1117 4942 ‚
1164 4861 1217 4938 iis,
1234 4879 1312 4943 quae
1328 4865 1420 4944 paulo
1434 4873 1503 4928 ante
1519 4864 1680 4927 citavimus
1694 4880 1729 4925 ex
1741 4861 1859 4942 synodo
1871 4863 2033 4927 smalchal-

253 4945 304 5021 qui
320 4944 433 5007 dicitur
446 4944 679 5010 determinatur.
706 4945 810 5010 Facies
829 4948 941 5010 blando
968 4948 1121 5027 significat
1166 4947 1248 5021 dicu,
1264 4947 1396 5028 illyrico,
1413 4947 1582 5025 Tilmanno,
1600 4945 1721 5024 Calvino
1736 4951 1767 5008 et
1782 4943 1943 5024 Chytrncn.

255 5025 375 5090 initium
392 5028 630 5106 praedicationis
644 5043 762 5102 eorum,
779 5044 859 5109 quoe
873 5045 997 5112 semper
1010 5030 1120 5110 incipit
1207 5029 1317 5093 Pectus
1331 5029 1425 5094 lorica
1440 5029 1537 5094 lorrea
1553 5033 1716 5105 armatum,
1733 5027 1885 5109 significat
1899 5027 2034 5091 obstina-

254 5107 292 5170 ab
315 5110 487 5188 cvangelio,
504 5111 582 5174 nihil
603 5112 686 5173 enirn
704 5127 748 5181 -se
760 5111 896 5176 dicturos
909 5115 1117 5193 pollicentur,
1162 5105 1291 5175 tion'cm:
1318 5118 1391 5175 sont
1405 5112 1541 5176 enimdta
1557 5111 1707 5179 obdurati,
1723 5115 1758 5173 ut
1772 5107 1891 5172 etiarnsi
1905 5112 2030 5192 apertis

255 5189 317 5253 nisi
332 5194 532 5270 purissimum
544 5191 599 5256 liei
611 5192 749 5256 verbnm.
765 5194 809 5256 lta
821 5195 965 5258 facillime
980 5197 1119 5260 alliciunt
1164 5195 1241 5258 sime
1254 5197 1484 5270 convincantur,
1498 5207 1663 5276 numquam
1677 5199 1776 5256 tamen
1790 5191 1911 5270 cedanl;
1924 5201 1954 5257 ct
1965 5207 2032 5256 see·

255 5273 472 5354 simpliciores.
504 5274 604 5337 Calida
626 5276 800 5356 scorpionis
831 5277 985 5358 significat
1004 5280 1119 5342 exitum
1163 5293 1204 5358 pe
1216 5279 1293 5340 mori
1305 5279 1422 5350 malint,
1436 5293 1526 5358 qoam
1538 5277 1577 5340 ab
1588 5275 1792 5340 obstinatione
1804 5291 1858 5338 sua
1871 5277 2029 5342 recedere.

254 5364 439 5421 venenatum
454 5365 485 5421 et
498 5359 684 5420 letbilernm:
701 5377 770 5422 nam
782 5368 980 5440 posteaquem
992 5362 1119 5424 uerbum
1206 5359 1379 5423 Similitudo
1389 5361 1605 5439 squammosi
1619 5362 1712 5439 parati
1726 5359 1906 5422 videbantur
1917 5361 1954 5422 ad
1966 5359 2034 5424 bel·

255 5437 307 5500 liei
320 5447 566 5518 proposuerunt,
595 5455 740 5519 perversa
764 5442 1013 5524 interpretatione
1041 5444 1118 5508 illud
1162 5441 1239 5519 lum,
1256 5441 1407 5522 sipniilcat
1421 5443 1575 5507 andaciam
1592 5449 1622 5505 ct
1636 5441 1849 5506 temeritatem:
1864 5449 2031 5520 provocant

255 5521 431 5596 deprnannt,
445 5525 624 5586 eteomodo
637 5524 724 5603 quasi
739 5531 849 5588 retorta
865 5527 960 5590 condo
975 5526 1117 5590 aculeum
1162 5525 1246 5586 enim
1271 5526 1476 5592 audacissime
1500 5541 1609 5590 omnes
1634 5526 1670 5587 ad
1693 5525 1822 5599 bellum;
1840 5539 1914 5586 curn¹
1926 5530 2027 5590 tamen

259 5601 399 5682 talpona,
415 5606 541 5668 elvisus
556 5606 671 5668 letbolc
686 5606 862 5672 intendunt.
886 5609 1004 5689 Corpus
1031 5609 1117 5670 locu·
1161 5613 1267 5686 postea
1292 5625 1348 5686 pro
1371 5609 1559 5689 argumentis
1583 5607 1648 5671 sola
1671 5605 1828 5670 mendacia
1843 5608 2028 5687 plerumque

260 5692 336 5757 stae,
349 5687 431 5767 quod
447 5687 523 5752 nihil
541 5690 604 5752 iere
619 5695 667 5751 est
687 5689 769 5752 allud
793 5707 883 5771 quarn
907 5697 1015 5754 venter
1041 5691 1117 5768 (est
1161 5688 1327 5769 proterant.
1351 5691 1499 5755 botherus
1523 5693 1552 5753 ln
1568 5690 1683 5756 desert.
1701 5695 1757 5752 art.
1773 5687 1824 5751 25.
1841 5688 1965 5760 lmese,
1981 5691 2031 5754 io·

257 5770 336 5832 enim
353 5771 469 5834 locusta
484 5778 658 5834 ventrosnm
670 5773 807 5846 animal,
830 5781 863 5836 et
875 5775 945 5838 ideo
959 5791 1018 5838 nec
1032 5775 1117 5838 incc-
1161 5772 1237 5852 quit,
1260 5771 1323 5836 buo
1339 5786 1449 5838 onmes
1462 5774 1612 5854 Pnpistoe
1625 5773 1663 5836 in
1676 5784 1794 5836 tanum
1811 5773 1948 5856 condole
1961 5778 2029 5840 stu-

258 5849 341 5924 dere,
355 5869 414 5916 nec
428 5854 529 5916 anlavo
544 5861 626 5916 recte
638 5862 749 5934 potest,
765 5857 820 5918 sed
833 5856 996 5919 saltitando
1009 5871 1045 5918 sc
1057 5858 1116 5919 eri·
1162 5855 1222 5920 dio
1244 5860 1350 5918 vestm
1373 5856 1411 5920 in
1434 5873 1550 5933 onom
1566 5858 1596 5920 si
1608 5857 1687 5935 sorte
1700 5855 1827 5935 possitis
1843 5855 1901 5918 boc
1916 5857 2033 5922 obnu-

193 5936 194 5963 ³
260 5933 642 6010 pitinnltun,etmoxad
659 5944 770 6000 terrun
785 5938 894 6002 recidit
909 5941 921 6018 i
936 5938 1114 6018 signiticat,
1161 5938 1230 6001 iuna
1255 5938 1437 6002 dissoluere.
1466 5939 1530 6014 Quo
1551 5937 1659 6003 eodem
1675 5939 1767 6002 modo
1782 5938 2026 6019 loquuntorlere

258 6013 427 6083 haereticos
441 6020 536 6101 hujus
548 6019 693 6098 temporis
714 6036 784 6084 esse
799 6021 940 6084 homines
952 6024 1046 6084 ventri
1062 6029 1114 6084 od·
1160 6035 1268 6084 omnes
1284 6022 1346 6084 alii.

192 6092 196 6135 l
259 6095 366 6180 dictos,
382 6102 719 6186 inimicosjejouiorurn
731 6109 763 6168 et
776 6105 1029 6180 conlimitanei
1042 6105 1114 6170 ideo
1199 6103 1373 6169 Similitudo
1393 6109 1495 6170 cutem
1518 6117 1664 6170 curruum
1679 6101 1865 6170 volitantium
1881 6103 2032 6186 sipnldaat
