4792 7009
422 715 476 774 lid
736 727 739 732 ’
1048 715 1094 776 DE
1110 715 1250 778 tomo
1281 653 1458 776 tonitruos

352 850 545 934 sigebertus,
561 853 808 933 andotdssimum
835 851 1013 933 exemplum
1041 849 1212 914 manuscri·
1258 849 1426 932 grauissimi
1439 846 1603 929 pontificis,
1630 851 1668 914 att
1682 849 1943 932 llicbiei.cpiso
1959 848 2129 915 constanti·

349 938 446 1014 ptum,
462 934 544 1016 quod
561 941 684 1016 putatur
698 937 797 1018 ipsius
812 935 966 1016 sigeberti
975 935 1210 1014 autographum,
1259 933 1385 1012 nepulit.
1402 932 1536 1012 capet.
1548 933 1600 996 ubi
1615 933 1677 998 lec
1692 950 1770 1014 papa
1784 934 1903 1008 scribit,
1920 934 2030 1000 lamam
2052 949 2127 997 csse

349 1017 426 1080 etin
441 1031 479 1080 eo
497 1017 580 1080 nulla
594 1020 711 1084 mentio
725 1027 774 1084 est
786 1018 914 1083 loannis
934 1017 1086 1080 foeminae
1103 1034 1112 1077 ι
1127 1018 1212 1096 qnod
1258 1021 1476 1088 constantem,
1506 1016 1540 1078 iu
1564 1017 1766 1094 patriarchatu
1792 1017 2126 1096 constantinopolitano

350 1099 595 1179 manuscriptum
608 1105 784 1183 exemptum
798 1107 927 1166 testatur
940 1116 975 1163 se
990 1098 1107 1162 vidisse
1119 1098 1212 1162 loco·
1258 1099 1370 1162 multos
1384 1097 1546 1164 eunuchos
1556 1099 1702 1175 sedisse,
1718 1106 1748 1162 et
1759 1099 1840 1162 in'ter
1865 1113 1920 1164 ecs
1941 1099 2126 1180 obrepsisse

347 1181 549 1246 ueslloicnus
562 1185 669 1248 doctor
679 1183 935 1263 loraniensis,qui
947 1181 1211 1259 adbucscperest.
1257 1183 1364 1256 etiarn,
1380 1185 1411 1244 et
1422 1181 1518 1245 luisse
1532 1182 1735 1261 patriarcham
1749 1199 1843 1246 unam
1855 1181 2126 1256 tueminam.Quud

349 1264 497 1328 Similiter
519 1267 550 1327 in
577 1265 798 1346 antiquissimis
826 1263 1055 1344 exemplaribus
1083 1263 1212 1330 llariani
1258 1271 1341 1328 certa
1358 1276 1525 1343 numquam
1546 1263 1777 1345 objiceratteo
1791 1265 1844 1328 tx.
1867 1265 2004 1336 Graecis,
2021 1265 2048 1327 ei
2065 1265 2126 1327 tate

347 1345 428 1410 Sccti
444 1363 506 1410 nou
520 1347 626 1412 haberi
640 1347 790 1412 loannem
805 1347 971 1413 iceminam
992 1351 1119 1409 testatur
1145 1347 1210 1424 itte,
1257 1347 1372 1427 aliquid
1387 1347 1478 1428 paulo
1492 1351 1563 1410 ante
1576 1363 1721 1412 romanae
1745 1348 1813 1412 sadi
1835 1348 2010 1412 accidisset.
2025 1341 2126 1410 hnuto

346 1429 399 1508 qui
415 1431 609 1511 metropolim
624 1432 737 1495 liberti
752 1430 869 1494 licentii
891 1429 998 1505 edidit,
1014 1444 1095 1492 auno
1118 1428 1210 1494 iiii.
1256 1430 1386 1492 tortasse
1397 1430 1471 1494 binc
1486 1433 1557 1492 nata
1577 1436 1626 1494 est
1640 1432 1715 1494 bace
1729 1429 1831 1494 tabula
1858 1430 1898 1494 dc
1925 1430 2046 1494 lucane
2064 1431 2126 1492 tce·

347 1511 503 1576 ttolonine.
1257 1513 1350 1574 muta.
1366 1509 1442 1574 Cum
1457 1526 1540 1574 emm
1554 1519 1765 1590 numerasset,
1782 1513 1943 1592 quamdam
1955 1513 2126 1577 iocmiuam

385 1593 504 1668 Deinde
518 1595 668 1668 secondo,
690 1595 775 1676 quod
796 1595 900 1660 labala
924 1593 966 1657 sit
988 1593 1047 1656 ista
1076 1592 1209 1656 narratio
1256 1594 1352 1658 luisse
1365 1591 1540 1672 pontificem
1555 1595 1930 1675 constantinopolitanum:
1954 1602 1985 1658 et
2008 1595 2126 1659 deinde

346 1675 1210 1757 llartinidcloannelaemina‚prcbaturcripsanarratio·
1257 1677 1415 1756 paulatim,
1438 1676 1554 1740 omisso
1568 1677 1694 1742 nomine
1722 1678 2062 1758 constantinopolitani,
2079 1694 2125 1740 rc·

345 1758 1211 1838 neranoenimdiuitiarumtnannemtuissaangtteurn
1258 1758 1422 1822 mansisset
1435 1759 1512 1820 ιιιιι
1524 1763 1554 1822 ιι
1568 1761 1672 1840 opinio
1688 1761 1727 1823 de
1755 1760 1889 1824 loemina
1918 1760 2080 1840 pontifice,
2097 1763 2128 1822 et

347 1855 384 1902 cr
398 1840 565 1922 lloguntia:
588 1848 619 1905 at
638 1843 869 1923 ltoguntianon
891 1849 939 1906 est
953 1843 986 1904 in
1000 1841 1129 1920 nagtta,
1153 1839 1211 1904 sed
1258 1840 2126 1922 pontissccuniversali3coeperuntaliquiinediumroma·
2194 1899 2195 1926 ἶ

348 1920 379 1984 in
392 1921 566 1988 Germania.
580 1925 617 1986 Et
631 1932 734 1988 autem
749 1927 832 1989 bunc
847 1941 984 1989 errorem
998 1919 1166 1986 emundent
1178 1940 1211 1983 a·
1257 1941 1314 1986 nae
1322 1923 1477 1986 Ecclesiae
1489 1924 1770 1998 dicere,toeotnan
1783 1926 1866 1988 tilam
1876 1941 2037 1989 romanum
2052 1941 2128 2005 pon·

343 2004 389 2076 lii,
401 2005 578 2070 mirabiliter
588 2009 670 2071 inter
683 2013 884 2090 selpugnant.
898 2008 972 2070 llam
985 2008 1099 2069 ttattna
1114 2004 1188 2070 dicit
1201 2047 1210 2079 ‚
1258 2006 1370 2070 tilicem
1385 2006 1527 2070 luisserct
1542 2006 1706 2070 uerisimile
1718 2009 1861 2080 est,circa
1873 2014 2009 2088 tempora
2025 2007 2127 2088 ipsios

344 2087 444 2150 luisse
457 2089 614 2169 anglicum
629 2091 721 2154 istum
735 2090 897 2167 loanuem,
923 2091 979 2152 scd
995 2089 1158 2152 oriundum
1174 2103 1213 2150 ert
1257 2088 2125 2164 llartinibanniamamexortamdcrtellartinusPolunus,
2194 2119 2195 2166 ;

346 2169 512 2251 llognntia:
529 2172 811 2254 magdeburgenses
822 2191 840 2236 e
853 2173 1005 2236 contrario
1019 2173 1128 2234 dicunt
1138 2170 1213 2232 iuis·
1256 2173 1308 2252 qui
1325 2171 1511 2251 primnsboc
1525 2173 1782 2250 scripsit,nuilum
1797 2179 1951 2237 auctorem
1961 2173 2128 2242 reiurtsed

345 2268 379 2314 sc
395 2255 620 2334 moguntinum,
636 2259 691 2319 sed
706 2256 872 2318 oriundum
886 2271 924 2317 er
937 2254 1061 2334 lngtiar
1072 2254 1212 2315 tuendo·
1258 2261 1371 2316 tanturn
1387 2253 1472 2324 dixit,
1489 2254 1593 2318 fertur:
1610 2256 1713 2337 itaque
1724 2257 1825 2320 solum
1839 2271 1875 2319 er
1888 2257 2007 2320 incerto
2018 2271 2127 2319 rumo-

347 2343 516 2399 rnsautcm
530 2337 1210 2417 Eibliandcrinebramdioit,nequcnatum,
1256 2336 1494 2401 robochabuit.
1712 2395 1716 2402 ,
2194 2377 2195 2414 ι

346 2421 813 2504 noqucoriuadnmexdngtia,
836 2421 893 2484 sed
922 2427 1023 2482 tamen
1048 2422 1212 2483 educatum
1299 2418 1403 2498 teque
1428 2419 1770 2494 mirumridcridebet,
1792 2421 1945 2500 sraquuts
1970 2420 2127 2482 tnodium
2194 2415 2195 2482 i

347 2506 378 2562 et
394 2501 547 2576 eruditum
562 2503 595 2566 in
609 2503 728 2582 tngtia.
1256 2517 1399 2565 romanae
1426 2502 1582 2566 Ecclesiae
1608 2505 1687 2566 banc
1712 2505 1844 2566 tabulam
1871 2502 2004 2574 [interit.
2022 2503 2127 2580 posito

386 2583 542 2660 Secundo,
557 2586 634 2648 dicit
646 2585 803 2661 llartinus,
821 2591 851 2648 et
872 2585 924 2665 qui
940 2599 1011 2648 cnm
1027 2590 1211 2666 sequnntur,
1257 2585 1456 2648 fundamento
1482 2585 1536 2646 illc
1551 2587 1590 2649 de
1605 2586 1736 2649 foemina
1753 2585 1908 2665 pontiticc,
1935 2592 1966 2648 et
1981 2584 2126 2648 maximis

345 2664 471 2728 dedisse
485 2683 608 2746 operam
622 2667 719 2731 literis
732 2668 874 2731 Athenis:
897 2673 929 2730 at
942 2673 1061 2731 constat
1086 2682 1123 2729 eo
1137 2673 1212 2728 tern-
1257 2668 1517 2741 contentionibus,
1543 2684 1621 2746 quae
1636 2673 1723 2730 crant
1747 2669 1800 2732 illo
1815 2675 1951 2748 tempore
1974 2669 2058 2730 inter
2073 2669 2126 2730 im·

343 2762 432 2828 pore,
446 2764 550 2828 neque
564 2751 703 2832 Athenis.
723 2766 825 2830 neque
839 2749 971 2829 usquam
986 2751 1058 2812 alibi
1072 2749 1106 2811 in
1121 2749 1212 2812 drae-
1257 2749 1427 2830 peratorius
1442 2756 1473 2811 et
1488 2751 1662 2828 pontificios
1678 2751 1831 2818 homines:
1848 2767 1918 2814 narn
1935 2751 2027 2813 etiam
2041 2767 2126 2814 mune

344 2830 392 2892 cia
407 2829 505 2896 luisse
520 2833 582 2894 utta
598 2832 758 2913 Gymnasin
774 2833 919 2896 literaria.
932 2832 1045 2896 Scribit
1058 2835 1142 2896 enim
1158 2830 1213 2912 Sp·
1257 2833 1409 2904 ridemus,
1435 2833 1719 2914 magdeburgenses
1741 2837 1837 2912 magis
1852 2834 2047 2896 incredibilia
2066 2834 2121 2894 tin·

345 2913 457 2975 nesius
472 2915 504 2976 in
519 2917 610 2993 epist.
625 2917 682 2987 ult.
699 2917 735 2977 ad
751 2916 873 2978 tratrem
889 2932 1058 2989 suum,suo
1074 2923 1212 2994 tempora
1257 2931 1343 2996 gere.
1373 2914 1448 2980 Cum
1464 2916 1549 2978 enirn
1563 2916 1709 2980 llartinus
1733 2919 1835 2980 solum
1849 2917 2018 2996 scripserit,
2043 2916 2126 2978 hanc

344 2990 472 3059 Athenis
488 2997 565 3060 nibil
581 2999 678 3062 inisse
693 3045 701 3064 .
718 2998 780 3060 nisi
804 3014 919 3060 nornen
945 2998 1134 3061 academiae:
1156 2997 1213 3059 init
1258 3000 1417 3062 mulierem
1431 2999 1527 3062 luisse
1538 2999 1688 3077 anglicam
1700 3017 1737 3062 en
1749 3000 2023 3077 mogontiamque
2036 2999 2124 3061 aliud

343 3079 478 3142 autemS
502 3081 608 3143 nesius
621 3081 711 3157 panto
726 3088 797 3159 pust
812 3089 948 3160 ternpore
969 3081 1073 3144 Easitit
1101 3088 1133 3142 et
1156 3080 1212 3140 lla·
1257 3081 1410 3144 addiderit
1424 3081 1462 3144 de
1478 3082 1667 3160 parentinus,
1685 3090 1715 3144 et
1730 3085 1855 3145 nornine
1871 3083 1993 3160 propriu
2011 3081 2123 3144 mutie-
2194 3111 2195 3126 ι

343 3160 474 3224 tianeni.
482 3097 631 3226 {eribant
645 3163 741 3226 etiam·
749 3161 955 3240 dedicasset
968 3163 1100 3226 Zonaras
1110 3165 1141 3224 in
1153 3163 1213 3224 rita
1256 3163 1311 3236 ris,
1328 3171 1359 3226 et
1373 3164 1412 3226 dc
1428 3165 1557 3226 caeteris
1573 3164 1678 3226 robus:
1696 3165 1976 3244 liagdcburgenses
1991 3163 2125 3227 addide-

344 3241 472 3306 licbiict
496 3245 657 3308 etltreod.
694 3247 803 3324 imper..
831 3250 913 3308 circa
941 3245 997 3308 lin.
1024 3244 1144 3326 imperii
1158 3245 1212 3308 tti-
1257 3246 1746 3326 runt,patrenthujnstoeminae
1769 3247 2126 3325 iuisscanglumsacer·

347 3325 475 3398 abietis,
492 3329 615 3406 qnando
631 3329 775 3393 nimirum
796 3330 884 3391 solus
912 3327 1087 3407 regnabat,
1116 3335 1212 3390 matre
1258 3327 1372 3403 dotem,
1400 3335 1430 3391 ιι
1445 3329 1543 3408 ipsam
1568 3336 1703 3392 vocatam
1727 3329 1813 3392 initio
1829 3327 2006 3400 Gitbertam,
2024 3329 2124 3392 nutri·

344 3407 502 3471 Theodora
518 3416 628 3484 arnota,
653 3411 800 3473 bonarum
832 3413 988 3474 literarum
1016 3419 1047 3474 et
1075 3411 1211 3488 philoso·
1257 3417 1318 3474 tam
1334 3426 1457 3491 quoque
1472 3411 1530 3474 sub
1545 3411 1650 3474 habitu
1664 3413 1720 3492 riri
1737 3414 1765 3472 in
1782 3410 1967 3474 monasterio
1981 3409 2121 3474 Fnlden·

344 3491 436 3570 phiae
448 3494 571 3555 satietas
586 3494 682 3556 inisse
705 3495 861 3564 restitutas
883 3511 898 3555 a
929 3493 1024 3557 lierda
1052 3492 1183 3556 Caesare
1198 3539 1208 3568 ,
1257 3495 1296 3568 si,
1313 3501 1343 3558 et
1357 3493 1453 3556 libros
1468 3499 1509 3556 de
1523 3495 1617 3573 llagia
1640 3493 1815 3573 scripsisse:
1832 3509 1912 3573 quae
1925 3499 2000 3555 sunt
2013 3494 2121 3558 omnia

347 3590 419 3636 curo
435 3591 533 3654 usque
548 3576 585 3636 ad
601 3576 678 3636 illud
700 3583 820 3653 tempus
849 3591 906 3656 per
933 3591 1032 3638 annos
1061 3577 1211 3655 plurimos
1257 3593 1338 3640 mera
1362 3577 1503 3657 tigmenta
1524 3579 1696 3651 sineteste,
1713 3584 1743 3640 et
1757 3573 1952 3638 sincrationc
1967 3577 2125 3654 excogita·
2194 3551 2195 3628 l

346 3654 534 3720 itaiuissent
562 3659 692 3720 extincta
721 3661 822 3720 omnia
852 3658 952 3722 studia
980 3658 1149 3736 sapientiae
1178 3659 1210 3722 in
1256 3667 1297 3722 tn.
1315 3659 1411 3728 Adde.
1429 3660 1509 3736 quud
1526 3659 1671 3724 Martinus
1688 3661 1738 3722 ille
1754 3657 2123 3737 Polonusrirsimpliais·

346 3738 473 3801 Graecia
490 3783 499 3814 ,
515 3747 549 3801 nt
561 3757 600 3801 ne
616 3741 779 3819 vestigium
792 3742 917 3818 quidem
939 3741 1037 3802 ullum
1066 3747 1211 3806 exstaret.
1258 3743 1354 3806 simus
1370 3743 1487 3806 ridetur
1499 3742 1607 3805 luisse:
1620 3743 1727 3806 scribit
1740 3743 1821 3804 enirn
1834 3742 1909 3804 alias
1922 3740 2041 3804 tabulas
2054 3757 2125 3820 pcr-

294 3869 296 3874 .
346 3819 469 3884 Constat
483 3830 582 3884 autem
606 3823 767 3902 imperium
783 3823 940 3886 llictriielis
954 3823 1206 3899 soliuslireodn·
1255 3828 1551 3904 ututtes,tanquatn
1580 3828 1608 3888 si
1637 3825 1782 3888 historiae
1811 3823 2047 3904 probatissimae
2077 3839 2125 3886 es·

346 3920 380 3966 ra
395 3911 505 3980 amota,
522 3905 672 3969 incidisse
687 3908 719 3967 in
735 3913 873 3985 tempora
894 3907 1007 3969 liionlai
1030 3905 1056 3968 Ι.
1072 3908 1124 3982 oui
1139 3923 1209 3970 suos
1256 3915 1337 3972 sent.
1430 3945 1433 3952 ·

346 3988 442 4049 cessit
454 3987 620 4050 benedicto
635 3989 744 4066 tttqut
760 3995 1001 4059 successeratut
1013 3989 1060 4050 isti
1075 3989 1208 4068 lingunt,
1269 4022 1275 4054 ς
1295 3991 1382 4070 Quod
1398 4003 1468 4053 reno
1483 3988 1636 4072 objiciunt
1649 3988 1688 4052 de
1702 3989 1778 4052 sede
1790 3987 1951 4066 pentonia,
1965 3985 2006 4053 de
2020 3993 2121 4052 statua

344 4067 455 4132 loanni
468 4070 547 4133 llll.
564 4070 728 4140 foeminae.
744 4071 841 4150 immo
857 4071 1208 4149 chronotogtaeornncs,
1256 4073 1406 4147 mulieris,
1422 4078 1453 4136 ιι
1466 4071 1505 4136 dc
1521 4071 1725 4136 declinatione
1740 4071 1825 4144 aria,
1840 4071 1929 4134 tacite
1942 4070 2119 4134 solvuntur.

346 4151 458 4232 etipse
474 4156 565 4229 etiarn
581 4153 766 4229 ltibtiander‚
795 4152 915 4232 ponunt
931 4155 1062 4216 initium
1089 4155 1211 4232 imperii
1256 4159 1339 4232 llam,
1365 4161 1400 4218 ut
1421 4155 1531 4218 cr'tib.
1550 4157 1579 4218 l.
1603 4171 1716 4218 saorar.
1743 4152 1962 4218 caeremoniar.
1990 4159 2071 4216 scct.
2090 4155 2121 4215 2.

345 4233 504 4298 llicbiielis
518 4237 629 4309 sottus,
645 4253 727 4298 anno
748 4236 859 4299 Christi
874 4235 946 4298 856.
963 4244 992 4298 at
1005 4235 1133 4300 loannis
1147 4237 1210 4300 loe·
1256 4245 1385 4312 constat,
1397 4243 1461 4300 tres
1472 4244 1558 4300 erant
1570 4239 1662 4302 sedes
1676 4237 1814 4315 lapideae
1827 4237 1856 4298 iu
1869 4235 2056 4298 lateranensi
2070 4236 2124 4298 ba·

343 4317 682 4398 minaepontilioatum,
699 4336 780 4382 anno
795 4318 868 4382 est.
895 4334 933 4382 es
957 4335 1018 4398 nun
1042 4323 1209 4400 sequitur,
1255 4323 1353 4393 silica,
1380 4322 1411 4382 iu
1428 4319 1541 4401 qtribus
1566 4319 1813 4397 nonus-pontiiex
1839 4317 1967 4382 sedebat
1982 4324 2123 4394 tempore

342 4405 414 4478 post
429 4407 557 4464 mortem
570 4401 698 4479 loannis
713 4402 963 4480 istius,coepisse
978 4408 1009 4464 tn
1022 4401 1147 4466 Graecia
1161 4418 1209 4467 rc·
1255 4422 1329 4469 suae
1345 4405 1561 4467 coronationis.
1574 4402 1672 4464 Prima
1685 4402 1777 4464 sedes
1789 4407 1852 4465 erat
1863 4407 1933 4464 ante
1945 4402 2123 4480 ingressum

342 4481 493 4545 ririsccrc
507 4483 607 4545 studia
621 4484 805 4561 sapientiae.
1256 4489 1287 4550 in
1302 4485 1461 4565 tempium,
1479 4484 1661 4565 eaquenitis
1673 4490 1704 4546 ιι
1714 4483 1844 4563 abjecta,
1857 4483 1894 4546 cd
1909 4499 2000 4562 quam
2014 4485 2122 4546 sedem

383 4563 496 4640 lertio,
513 4565 796 4646 ttagdenuigenses
811 4567 929 4632 dicunt.
951 4566 1100 4630 ioannem
1117 4567 1210 4630 istum
1255 4586 1355 4634 notus
1368 4567 1504 4648 ponttiex
1518 4567 1844 4647 primuntdoccbatur.
1861 4566 1999 4645 atquem
2016 4581 2053 4628 ca
2066 4567 2121 4628 ali·

343 4643 423 4708 tttt.
439 4649 603 4726 peperisse
617 4648 649 4710 in
661 4647 785 4722 ttinere,
803 4667 871 4726 eum
887 4667 925 4712 ιιι
938 4649 1083 4712 Vaticano
1097 4651 1209 4714 inrise-
1256 4654 1434 4732 qrrantutum
1461 4650 1601 4721 sedebat,
1627 4655 1662 4713 ut
1675 4665 1730 4729 per
1745 4665 1812 4712 cam
1837 4646 2065 4712 caeremoniam
2081 4649 2122 4711 si·

344 4743 377 4790 rc
389 4731 479 4792 tettet
494 4727 664 4792 Ecclesiam
678 4731 930 4794 lateranensem:
946 4739 975 4794 ιι
1003 4733 1210 4808 certissimum
1255 4733 1461 4816 gnissearetur,
1476 4749 1546 4796 eum
1558 4731 1677 4796 deloco
1689 4732 1859 4794 humillimo
1871 4731 1907 4794 ad
1921 4731 2023 4793 locum
2035 4747 2119 4793 snm·

343 4820 402 4886 est,
419 4811 647 4892 utOuupbrius
660 4813 850 4894 demonstrat
871 4817 903 4876 in
928 4815 983 4878 lib.
1001 4815 1135 4893 desept.
1153 4817 1209 4878 lio·
1257 4835 1341 4880 mum
1362 4816 1543 4878 ascendere:
1558 4813 1631 4876 inde
1647 4815 1729 4876 enirn
1745 4816 1831 4876 illum
1846 4814 2012 4886 elevantes
2031 4830 2123 4876 cane·

343 4895 421 4956 cles.
436 4911 579 4958 romanos
595 4897 758 4973 pontilices
774 4913 834 4960 non
851 4898 1005 4960 habitasse
1034 4897 1066 4958 in
1091 4897 1207 4962 Vatica-
1255 4901 1330 4964 bant
1343 4898 1418 4962 ittnd
1436 4899 1465 4960 l.
1482 4898 1557 4977 lteg.
1574 4899 1604 4959 2.
1623 4897 1761 4961 maudut
1774 4898 1814 4960 de
1825 4897 1956 4975 puluere
1967 4908 2118 4975 ιριιιιιιι,

348 4993 401 5050 no,
417 4976 474 5039 sed
490 4978 521 5040 in
536 4977 732 5042 iateranensi
753 4979 876 5060 palatio,
893 4977 992 5058 usquc
1021 4981 1057 5042 ad
1073 4986 1210 5059 tempora
1257 4989 1287 5046 et
1311 4983 1350 5044 dc
1374 4987 1512 5046 stercore
1536 4980 1637 5044 ctecot
1661 4995 1849 5058 pauperem.
1870 4985 1906 5040 ιιι
1919 4977 2031 5040 sedent
2047 4993 2122 5042 cunt

344 5059 492 5122 Bonilacii
506 5060 558 5122 tit.
575 5062 667 5137 idest,
683 5063 833 5142 usquead
849 5077 963 5124 annum
980 5061 1074 5124 istic.
1085 5077 1211 5140 quomo·
1256 5064 1462 5145 principibus
1490 5068 1519 5126 et
1531 5063 1651 5126 sotium
1663 5063 1788 5142 glories
1803 5068 1919 5124 tcnect.
1933 5059 1970 5124 Et
1981 5061 2060 5124 baec
2073 5067 2121 5123 est

344 5142 385 5204 do
406 5156 491 5222 crgo,
508 5145 535 5204 si
546 5142 580 5204 in
594 5142 744 5207 laterano
758 5143 922 5212 habitabat.
941 5145 1061 5208 uniebat
1081 5160 1117 5206 ιιι
1133 5145 1210 5206 Vati·
1258 5163 1378 5220 caussa,
1407 5163 1461 5227 cur
1475 5162 1511 5208 ea
1526 5146 1619 5208 sedes
1633 5146 1812 5208 stercoraria
1825 5144 1991 5210 diceretur.
2017 5143 2118 5206 Altera

344 5241 422 5288 cano
444 5226 578 5286 inrisere
594 5225 793 5290 Lateranum?
808 5227 896 5290 derte
911 5227 937 5288 si
954 5227 1023 5305 quis
1039 5242 1121 5288 nunc
1136 5227 1212 5290 scri·
1259 5231 1352 5293 sedes
1367 5235 1432 5292 erat
1444 5227 1670 5307 porphyretica,
1687 5228 1717 5290 in
1735 5229 1802 5309 ipso
1817 5227 1941 5306 palatio,
1965 5230 1997 5288 et
2010 5225 2053 5288 ibi
2069 5242 2117 5288 se·

344 5307 688 5385 beret,pontiiicemc1
703 5309 850 5372 laterano
865 5310 1001 5384 senisse,
1017 5314 1052 5371 ut
1065 5308 1214 5372 inviseret
1259 5313 1355 5376 debut
1377 5312 1515 5374 secundo
1542 5311 1572 5372 ia
1588 5309 1710 5387 signum
1733 5307 1952 5388 possessionis,
1970 5314 2063 5387 atque
2077 5307 2119 5370 ibi

344 5387 515 5452 Ecclesiam
531 5389 719 5462 Vaticanam,
735 5391 884 5454 ridiculus
898 5398 1003 5464 esset,
1019 5407 1090 5454 cum
1105 5407 1214 5457 omncs
1260 5395 1374 5458 sedens
1399 5392 1568 5473 accipiebat
1592 5394 1694 5454 clares
1715 5391 1872 5456 Ecclesiae
1895 5387 1999 5470 palatii
2014 5391 2120 5453 latera·

346 5475 457 5546 sciant,
473 5471 651 5550 pontiliocm
668 5475 697 5535 in
713 5475 856 5538 Vaticano
874 5474 1024 5536 babitare.
1262 5477 1380 5542 nensis.
1395 5477 1491 5539 'tertia
1503 5476 1598 5538 scdcs
1609 5473 1718 5538 similis
1729 5481 1793 5540 erat
1803 5473 1970 5546 secundae,
1984 5487 2043 5535 nec
2054 5489 2120 5552 pro·

387 5554 514 5629 thrto,
528 5555 604 5618 dicit
617 5556 774 5632 llardnus,
803 5563 834 5619 ct
845 5557 956 5618 caeteri
972 5569 1094 5632 carnee,
1117 5557 1211 5620 istum
1256 5561 1306 5624 cul
1322 5560 1360 5624 ab
1374 5575 1422 5636 ea3
1439 5565 1529 5636 atoue
1546 5558 1576 5618 in
1593 5573 1627 5620 ea
1654 5565 1722 5636 post
1737 5557 1892 5636 paotutum
1907 5554 2034 5628 sedens,
2060 5563 2117 5616 tra·

346 5636 496 5717 loannem
507 5638 538 5698 in
551 5638 681 5702 solemni
698 5645 729 5702 et
743 5639 865 5718 pubiica
877 5638 1102 5717 supplicatione
1117 5657 1211 5720 pepe·
1257 5642 1349 5706 debat
1363 5643 1488 5704 easdem
1503 5641 1604 5704 clares
1620 5639 1661 5712 ei,
1674 5657 1689 5702 ι
1702 5657 1763 5720 qno
1774 5647 1845 5702 ante
1856 5643 2029 5717 acceperat,
2045 5639 2119 5700 torte

346 5721 437 5780 risse:
454 5726 578 5782 atcerte
593 5722 710 5784 nullam
723 5722 818 5784 babet
833 5721 1078 5801 probabilitatem
1094 5769 1104 5796 ,
1130 5723 1211 5802 qood
1256 5729 1292 5787 ιιι
1305 5739 1340 5788 ιι
1356 5723 1548 5788 caeremonia
1573 5722 1787 5786 admoneretur
1812 5719 1928 5794 mortis,
1957 5733 2012 5798 per
2027 5736 2119 5797 qnam

348 5803 590 5866 mutieruterum
603 5811 842 5882 gercusjarntot
855 5812 1067 5878 meuses,tunc
1082 5807 1212 5868 marture
1256 5807 1343 5870 brari
1368 5812 1550 5886 potestatem
1571 5805 1755 5868 ittamalteri
1771 5806 1935 5868 traditurus
1949 5807 2046 5866 asset.
2073 5803 2116 5864 lie

348 5883 478 5944 notuerit
491 5885 672 5962 proaedere,
694 5888 819 5965 qnando
848 5888 978 5953 maxime
993 5889 1164 5968 periculum
1180 5903 1212 5950 e·
1258 5890 1360 5963 sede,
1390 5889 1427 5954 ad
1460 5889 1679 5969 explorandum
1711 5903 1843 5960 serum,
1872 5884 1955 5948 nulle
1986 5899 2116 5965 usquam

348 5965 667 6045 retnedetegeratur.
1265 5971 1393 6036 mentio.
1556 6023 1563 6036 .
2194 5995 2195 6026 3

388 6045 503 6122 lertio,
520 6048 735 6125 probaturboc
750 6050 832 6115 idern
857 6067 894 6116 cr
916 6051 1007 6131 epist.
1034 6052 1144 6118 teonis
1158 6051 1210 6114 tx.
1298 6054 1401 6118 Statua
1414 6069 1487 6120 raro
1501 6051 1553 6118 itla
1570 6051 1705 6116 mulieris
1721 6067 1791 6116 cum
1806 6065 1914 6131 pomo.
1930 6049 2000 6114 sine
2018 6047 2113 6114 dubio
