4792 7009
1055 865 1243 928 cesarano
1920 869 1971 932 ras
2023 845 2024 848 ‘

269 1037 333 1090 esse
348 1017 537 1084 locutionem
552 1009 687 1095 symboli
699 1005 938 1073 llioaenizlteum
949 1003 989 1068 de
1000 1002 1126 1080 deodu-
1173 1003 1301 1085 pererit,
1314 1002 1411 1068 solam
1425 1001 1557 1067 divinam
1570 1001 1681 1068 christi
1692 1010 1827 1070 naturam
1839 1005 2030 1088 Pontificem,

266 1154 336 1205 rnen
350 1137 391 1199 de
408 1128 640 1209 lumioeiquod
648 1127 714 1208 jam
728 1125 802 1187 oiim
816 1124 848 1184 in
862 1121 936 1184 drio
947 1120 1029 1202 apud
1044 1119 1127 1183 sti·
1172 1137 1244 1186 esse
1259 1127 1290 1185 et
1302 1121 1511 1198 Sacerdotem,
1538 1123 1703 1186 humanam
1718 1137 1789 1186 vero
1811 1123 1974 1203 victimam,
2001 1130 2033 1189 ei

266 1254 371 1337 gilium
386 1246 547 1314 hisrerbis
561 1242 742 1307 Athanasius
756 1237 1126 1320 reprehenditel'reprt'e
1172 1236 1367 1302 sacrificium:
1384 1253 1420 1302 ao
1440 1243 1601 1320 propterea
1622 1238 1738 1302 ratione
1759 1237 1862 1314 cilicii,
1883 1240 2034 1304 minorem

268 1369 380 1443 lilios,
396 1365 505 1445 inquit,
520 1360 653 1442 proprie
666 1365 713 1422 est
723 1358 806 1420 Deire
818 1357 859 1420 de
872 1356 948 1430 Deo,
962 1354 1073 1418 lemen
1087 1353 1129 1415 de
1173 1369 1246 1418 osse
1266 1355 1354 1420 Patre
1368 1355 1490 1433 Filium,
1506 1355 1598 1420 eliam
1609 1354 1641 1417 in
1667 1361 1772 1418 natura
1787 1353 1900 1427 divina.
1925 1355 2034 1436 ltquie

269 1479 553 1547 leudochramno
565 1476 598 1538 in
611 1474 668 1537 lib.
684 1471 914 1535 Institutionum
935 1471 966 1532 2.
989 1483 1059 1548 cap.
1077 1466 1128 1530 ll.
1173 1458 1328 1552 haecipsa
1343 1472 1504 1552 verbalegi
1521 1477 1652 1552 possunt
1679 1471 1760 1551 apud
1780 1476 1918 1534 sancium
1933 1469 2035 1554 dugu-

270 1580 1130 1672 rerbailladposloliPaulizluncelipseFiliussubJ'ec-
1173 1586 1289 1650 stinum
1303 1587 1334 1650 in
1351 1601 1445 1650 serm.
1461 1585 1564 1650 Anian,
1580 1588 1730 1668 proposit.
1756 1585 1806 1649 33.
1833 1586 1877 1649 lta
1905 1587 2037 1668 pulchre

269 1723 317 1776 tus
331 1711 431 1776 arilei
444 1708 497 1788 qui
511 1704 644 1785 subjecit
658 1679 718 1767 'stul
730 1703 843 1766 omnia:
858 1700 897 1763 ad
913 1706 1072 1778 utramque
1083 1697 1130 1760 ti·
1174 1701 1319 1764 nimirum
1335 1700 1528 1778 Galrinislao,
1538 1702 1610 1764 dum
1626 1701 1753 1765 Arianos
1768 1717 1863 1766 noros
1878 1719 2036 1784 oppugna·

270 1829 302 1892 lli
316 1819 760 1900 naturam,ridelicet,diriuam
774 1824 805 1880 et
819 1816 982 1879 humanam
996 1814 1132 1876 releren-
1174 1833 1210 1881 aa
1225 1832 1259 1880 se
1287 1817 1402 1892 dicunt,
1417 1815 1596 1880 arianorum
1616 1823 1752 1880 reternm
1767 1821 1798 1881 et
1816 1817 1908 1882 rerba
1921 1823 1951 1882 et
1964 1833 2036 1884 scn-

275 1945 312 2008 da
328 1955 399 2006 esse
414 1936 584 2012 eonieudll,
601 1952 658 1998 nec
678 1933 919 1998 animaduertere
939 1929 1038 2010 potnit
1054 1975 1064 2006 ,
1081 1933 1133 1990 aut
1176 1936 1286 1998 centias
1303 1933 1467 1996 innitantur.
1975 1925 1978 1931 ’

272 2061 375 2137 roluit,
393 2075 455 2122 nou
470 2073 563 2138 posse
580 2062 716 2118 naturam
732 2051 864 2114 divinam
884 2049 951 2111 Filii
975 2048 1040 2111 Deo
1053 2047 1134 2110 Patri
1188 2073 1192 2081 ⁴
1214 2047 1528 2113 iaeonnssmeeldm
1556 2047 1736 2111 Brenlianus
1760 2049 1793 2112 in
1821 2049 1900 2114 libro
1929 2049 2035 2115 contra

272 2177 440 2257 subiectam
454 2172 596 2252 intelligi,
611 2171 687 2250 quin
700 2187 718 2232 a
732 2168 828 2232 Patris
857 2173 965 2230 natura
976 2163 1133 2241 distincta,
1176 2165 1337 2230 Tritueius
1351 2172 1412 2229 tarn
1424 2165 1550 2246 egregie
1565 2163 1671 2228 Fidem
1683 2171 1864 2246 propugnat,
1882 2172 1916 2230 nt
1930 2171 2034 2233 lamen

272 2302 304 2358 et
316 2311 351 2356 ea
362 2292 453 2372 longe
468 2289 597 2350 inierior
608 2294 703 2365 atque
717 2285 795 2348 udeo
816 2297 867 2346 res
888 2287 990 2345 ereata
1003 2296 1075 2345 esse
1087 2283 1134 2343 in·
1175 2284 1236 2348 dici
1252 2283 1338 2359 nolit,
1354 2291 1418 2346 tres
1435 2299 1506 2346 csse
1522 2283 1554 2344 ln
1565 2279 1630 2344 Deo
1646 2281 1841 2362 hypostases,
1871 2283 1930 2346 sed
1943 2299 2036 2348 nnana

276 2409 435 2487 telligatur.
450 2403 505 2465 llis
520 2401 650 2476 accedit,
679 2398 760 2480 quod
777 2399 928 2478 permulta
942 2397 1134 2477 scripturae·
1177 2407 1293 2466 tanim
1308 2415 1377 2464 cum
1393 2399 1489 2463 tribus
1501 2397 1658 2479 potentiis.
1676 2399 1713 2460 At
1727 2398 1786 2470 hoc
1801 2414 1863 2461 non
1875 2399 2037 2464 estrince·

276 2526 353 2598 lona,
369 2540 404 2584 an
429 2518 608 2600 praesertim
625 2517 723 2579 illum:
736 2517 804 2594 Epo
820 2523 849 2576 et
859 2514 954 2577 Poler
967 2528 1136 2576 onomast·
1176 2534 1210 2582 re
1221 2518 1360 2592 arianos,
1376 2517 1433 2580 sed
1448 2515 1527 2578 rinei
1542 2532 1578 2578 ac
1589 2515 1739 2578 debellari
1753 2533 1770 2577 a
1782 2513 1979 2578 sabellianis.

274 2655 343 2702 reos
356 2637 550 2702 itaCalrinus
570 2634 725 2696 haeretico
740 2644 826 2694 more
841 2631 977 2710 exponit,
1006 2636 1041 2692 ut
1064 2628 1137 2692 nori
1217 2635 1352 2698 loannes
1368 2633 1533 2713 wigandus
1547 2631 1579 2694 in
1594 2632 1673 2696 libro
1699 2637 1802 2696 conlm
1831 2647 1929 2695 noros
1954 2630 2038 2695 aria·
2102 2641 2104 2644 ’

275 2751 463 2816 samosateni
474 2749 506 2812 in
517 2746 902 2830 publieadisputationede
914 2743 1065 2808 sententia
1079 2743 1136 2805 hn-
1177 2769 1247 2828 nas,
1263 2749 1388 2814 Lntheri
1403 2748 1586 2814 sententiam
1601 2749 1761 2832 approbat,
1775 2749 1971 2827 andelandi,
1988 2765 2041 2814 es.

273 2865 325 2949 j'us
339 2868 401 2928 loci
417 2866 572 2928 Calvinum
590 2864 727 2945 judicem
739 2859 971 2942 appellaverini.
985 2860 1136 2923 Muliere-
1179 2868 1310 2931 sentium
1324 2868 1356 2930 in
1371 2867 1483 2930 dirimis
1505 2881 1654 2945 generare
1676 2883 1711 2928 ao
1731 2866 1885 2947 generari:
1908 2866 1953 2929 Ex
1978 2884 2039 2946 qua

276 2983 506 3059 ammonendo,
534 2997 592 3062 ego
607 2987 708 3042 lamen
722 2977 863 3041 brevitati
890 2977 1014 3040 studere
1033 2976 1136 3056 cupio;
1178 2993 1280 3048 tamen
1295 2985 1457 3061 sententia,
1487 2983 1560 3046 oelit
1587 2983 1664 3046 nolit
1688 2982 1867 3064 wigandus,
1891 2983 2038 3062 allicitur,

279 3105 382 3181 itaque
404 3108 593 3164 caeterorum
608 3096 885 3162 mronesindiealin
912 3097 1137 3176 potiusquam
1181 3105 1272 3166 aliam
1287 3101 1394 3177 Patris,
1407 3101 1497 3163 aliam
1508 3101 1578 3163 Filii
1590 3117 1661 3164 esse
1686 3106 1835 3176 naturam,
1866 3117 1936 3164 oum
1962 3101 2042 3165 nllril

277 3217 449 3298 explicabo.
1179 3219 1430 3300 possitseipsurn
1456 3218 1598 3299 pignere,
1625 3216 1705 3280 nillil
1729 3234 1747 3280 a
1768 3217 1872 3299 seipso
1891 3211 2042 3299 'generari

330 3333 498 3396 llenrieum
517 3331 726 3410 Bullingerum
752 3329 897 3411 Zovinglii
922 3345 1136 3394 successorem
1178 3339 1288 3418 pessit.

277 3463 338 3510 non
354 3449 466 3529 puduit
477 3448 615 3513 scrihere
627 3449 660 3510 in
672 3449 751 3510 libro
765 3448 806 3512 de
819 3448 1007 3527 scriptume,
1037 3447 1137 3510 etilo·
1218 3454 1296 3533 Quid
1311 3453 1374 3535 jam
1387 3455 1426 3518 de
1440 3452 1576 3528 Brenlio,
1589 3451 1813 3530 Schmidclino,
1829 3452 2035 3530 llemnilic,ac

274 3564 391 3632 clasiae
406 3564 659 3641 auctoritaieires
670 3579 740 3627 esse
752 3565 784 3626 in
800 3563 956 3627 divinitate
970 3577 1134 3643 persenas3
1178 3573 1308 3636 caeteris
1323 3573 1434 3646 droam,
1447 3571 1499 3652 qui
1515 3571 1588 3634 dum
1601 3571 1631 3633 jn
1645 3569 1756 3634 christi
1783 3585 1917 3645 carnem,
1945 3570 2044 3634 omni.

275 3699 338 3744 nou
352 3689 446 3758 slim,
462 3681 517 3747 sed
528 3685 636 3762 tridui
647 3698 711 3744 ¹¹0ss
723 3680 933 3756 subsistentia,
950 3681 1006 3744 sed
1023 3681 1132 3764 lvr¹1¹23
1180 3692 1358 3772 polentiam,
1370 3687 1670 3769 omnipraesentium,
1687 3687 1850 3768 omniaque
1872 3687 1975 3751 divina
2001 3692 2045 3750 at·

275 3813 338 3860 uon
354 3804 519 3878 potestate,
535 3798 590 3861 sed
605 3799 711 3878 specie
735 3796 927 3860 dilicrenles.
948 3796 1038 3862 dente
1067 3813 1137 3877 per·
1180 3807 1294 3871 tribula
1320 3806 1494 3883 conterunt,
1511 3821 1578 3868 earn
1594 3806 1662 3868 sine
1678 3803 1771 3868 dubio
1797 3819 1866 3867 cum
1888 3803 2046 3867 divinitate

274 3930 375 3977 sonas
390 3914 518 3991 divinas,
531 3914 638 3994 grado,
654 3914 763 3989 forma,
779 3920 810 3976 el
824 3917 929 3994 specie
954 3932 1026 3978 esse
1047 3915 1136 3981 dille·
1182 3924 1389 3990 confundunt?
1404 3921 1482 3998 Quid
1496 3923 1569 3986 item
1591 3922 1630 3984 de
1645 3921 1801 3998 stomaro,
1816 3919 1947 4000 ejusque
1976 3935 2047 3984 sec·

276 4038 400 4106 rentes,
415 4030 464 4092 iix
476 4030 576 4092 Ariani
591 4030 649 4110 ipsi
666 4031 769 4094 dicere
782 4032 851 4094 tusi
864 4035 982 4095 esseni·
1182 4040 1342 4117 tatoribus,
1359 4039 1411 4120 qni
1426 4039 1472 4102 sic
1485 4005 1522 4100 ad
1535 4037 1634 4101 solum
1650 4037 1807 4100 hominem
1834 4035 1985 4100 Christum
2001 4036 2047 4100 ol·

314 4147 389 4210 ΜΠ]
410 4163 481 4210 lew
500 4147 608 4210 Peiros
622 4145 743 4223 Melius»
756 4147 784 4212 1⁵
799 4147 851 4227 <1⁰1
875 4147 908 4208 5¹¹
922 4146 1138 4228 'sl'lssslllania
1183 4158 1263 4223 cium
1280 4155 1453 4220 lledialoris
1468 4155 1615 4229 relernnt,
1629 4159 1661 4216 ui
1675 4153 1751 4216 duas
1781 4153 1810 4214 in
1833 4151 1952 4216 Christo
1976 4167 2045 4233 per·

278 4266 529 4344 pronurnerams
556 4264 704 4328 adversus
731 4264 935 4339 Blanditiae,
962 4272 993 4328 et
1017 4265 1140 4328 Franci·
1183 4291 1277 4338 sonas
1292 4273 1498 4352 distinguere,
1526 4287 1564 4333 ae
1589 4269 1627 4332 ad
1652 4269 1894 4332 eastrattesrorii
1916 4269 2047 4333 transire

277 4397 368 4444 scum
382 4379 527 4444 llaridem
541 4387 619 4444 lotos
631 4381 739 4443 deeem
755 4381 822 4444 dics
847 4381 973 4460 publice
1001 4381 1137 4460 disputa·
1182 4391 1263 4455 velle
1278 4389 1465 4452 videantur?

277 4499 331 4573 rit,
347 4499 382 4560 ln
396 4498 516 4561 actione
530 4504 633 4561 oolam
648 4500 693 4560 sic
707 4498 759 4560 ait:
775 4498 946 4578 Scriptura
969 4500 1140 4578 diatinpue't
1227 4507 1305 4586 Quid
1333 4506 1468 4585 denique
1494 4505 1533 4568 de
1548 4503 1725 4585 Tigurinis,
1749 4501 2046 4583 Generensibusque

276 4616 401 4681 Folium
412 4615 471 4678 lici
483 4633 505 4678 o
519 4617 604 4678 Filio
626 4615 778 4678 hominm.
803 4616 841 4678 El
865 4635 999 4682 rursum:
1022 4617 1140 4684 Datin
1185 4623 1344 4699 ilinlslris,
1360 4624 1413 4703 qul
1428 4627 1509 4685 lanto
1525 4621 1635 4685 ardore
1651 4622 1681 4682 ln
1697 4619 1876 4684 Slancarum
1898 4619 2045 4682 invehun-

279 4735 417 4813 pata'trer,
432 4735 658 4815 inquit,Filt'ee
673 4735 892 4816 dleoeqoolta
905 4736 997 4800 Petri
1020 4737 1062 4801 ub
1089 4753 1139 4816 eo,
1187 4746 1247 4816 tur,
1261 4739 1426 4804 utinterim
1449 4739 1487 4802 ad
1502 4739 1664 4820 scopulum
1688 4737 1749 4819 ipsi
1774 4739 1867 4819 longe
1892 4736 2047 4800 duriorem

277 4852 420 4930 oniam
432 4853 645 4933 eliminasti·
1186 4857 1356 4922 naviculam
1373 4871 1461 4919 snam
1475 4857 1627 4919 allidant?
1640 4856 1719 4918 llum
1737 4856 1823 4918 enim
1846 4854 1965 4933 uirique
1993 4867 2047 4913 na·

322 4967 414 5042 Quod
425 4967 507 5030 idem
522 4969 701 5033 Theodorus
712 4971 788 5033 liena
801 4969 1141 5049 confirmasseridelnr,
1187 4974 1399 5038 iuraedhristi
1419 4973 1594 5037 Mediatoris
1620 4970 1719 5035 cilicia
1734 4971 1881 5047 tribuunt,
1910 4969 2045 5034 divinam

282 5089 347 5146 lum
360 5091 467 5146 contra
480 5084 636 5148 Brenlium
647 5087 686 5150 de
701 5088 921 5168 omnipotentia
942 5089 1042 5150 carnis
1058 5089 1141 5151 curi·
1190 5090 1303 5154 Christi
1315 5097 1463 5165 naturam,
1481 5095 1512 5152 et
1532 5087 1661 5152 aPatris
1676 5093 1783 5152 natura
1798 5085 2002 5168 distinguunt,
2015 5089 2047 5150 el

282 5197 333 5276 sii,
350 5207 419 5262 tum
432 5201 464 5262 in
479 5204 575 5265 altero
589 5210 694 5266 eontra
708 5202 860 5268 Andream
886 5203 1003 5280 iacchi,
1031 5204 1071 5267 de
1084 5204 1142 5286 hy·
1186 5223 1254 5272 rem
1269 5213 1400 5271 creatam
1412 5223 1481 5270 eum
1494 5206 1613 5270 Arianis
1628 5205 1754 5269 iaciunt.

281 5317 434 5397 postatiea
450 5320 564 5383 unione
579 5319 707 5383 duarum
721 5321 754 5384 in
769 5320 886 5386 cbristo
898 5321 1142 5385 naturarnmtubi
1227 5325 1312 5404 Quae
1324 5340 1393 5387 cnm
1409 5324 1450 5387 ita
1461 5323 1534 5400 sint,
1549 5322 1647 5399 rides,
1662 5321 1767 5399 credo,
1782 5321 1901 5397 Laetor,
1914 5333 1976 5382 non
1989 5304 2045 5380 miss

283 5435 480 5514 apertissime
494 5437 674 5511 docel,duas
684 5453 754 5500 esse
768 5439 799 5500 in
812 5438 1143 5524 Chrlsloluypostatieas
1187 5457 1248 5506 nus
1263 5441 1323 5505 hoc
1333 5443 1471 5519 tempore
1488 5456 1558 5502 cum
1570 5439 1717 5513 Sabellio,
1730 5437 1811 5513 Ario,
1824 5435 1972 5510 liestorlo,
1984 5435 2044 5497 lin·

283 5551 432 5626 uniones,
445 5569 535 5616 unam
551 5554 652 5615 carnis
667 5571 736 5615 cum
751 5554 994 5630 anima‚alleram
1008 5555 1143 5618 ileicum
1188 5559 1309 5638 tyeheic
1325 5557 1440 5622 sentire
1456 5557 1627 5632 serverum,
1644 5555 1806 5630 Gentilem,
1837 5551 2041 5629 Blandrulam,
2138 5589 2139 5592 =

282 5666 425 5731 homine.
439 5668 525 5743 Quod
539 5668 613 5750 qnid
629 5669 768 5733 estaliud
784 5687 873 5750 quaro
884 5672 1055 5735 Nestorium
1065 5669 1142 5752 jam·
1187 5680 1219 5736 et
1230 5681 1369 5737 caeteros
1383 5675 1435 5755 qui
1451 5675 1551 5755 palam
1564 5691 1598 5738 se
1614 5689 1669 5737 eos
1681 5672 1790 5736 sectari
1815 5689 1851 5735 ac
1876 5669 2042 5734 defendere
2117 5713 2121 5726 .

285 5782 405 5847 dudum
419 5785 572 5864 sepultum
586 5785 625 5848 ab
640 5786 748 5849 inieris
762 5789 929 5850 revocaret
1188 5789 1379 5869 profitentur,
1397 5809 1487 5871 quam
1516 5791 1675 5852 erasmum
1690 5837 1697 5864 ,
1723 5788 1900 5861 Latinarum,
1927 5785 2043 5866 Philip·

327 5898 677 5979 SlanislausSarnicius,
690 5920 782 5983 quem
798 5903 939 5967 Calvinus
952 5905 985 5967 in
999 5902 1138 5985 epistolis
1184 5923 1270 5986 pum,
1283 5906 1450 5982 Calvinum,
1466 5907 1687 5988 Bullingcrum,
1701 5905 1873 5985 Martyrem,
1885 5902 2043 5967 Brenlium

289 6017 327 6076 ad
343 6015 477 6082 Paiones
494 6018 623 6082 mirilico
634 6021 747 6096 laudat,
764 6037 833 6085 cum
847 6021 881 6084 in
909 6020 1061 6101 colloquio
1081 6037 1137 6100 pu·
1182 6023 1301 6101 lteram,
1319 6019 2043 6104 sarnieium,solenniumwtgandumallosqne

291 6128 375 6197 blico
390 6135 548 6217 resideret,
565 6137 667 6220 palam
681 6139 862 6216 assernii,et
876 6137 970 6204 scribi
981 6140 1070 6204 eliam
1084 6141 1139 6202 im·
1185 6157 1291 6206 onrues
1307 6139 1358 6222 qui
1371 6141 1496 6206 eosdem
1518 6157 1553 6208 se
1575 6139 1679 6206 odisse
1704 6136 1904 6282 mem&
1929 6135 2042 6202 roella·
