4792 7009
408 837 460 895 lbi
1132 831 1321 896 PRAEFATIO

346 977 461 1038 rentur.
478 971 538 1038 Sed
554 971 581 1037 sl
597 988 679 1049 rere,
696 978 727 1040 et
738 989 775 1039 cx
786 972 887 1040 animo
902 985 957 1040 eos
971 975 1199 1049 execrarentur,
1245 973 1324 1045 tunt,
1340 983 1481 1050 quasque
1496 970 1535 1036 od
1550 972 1814 1041 lluhumctismum
1827 975 1905 1044 riam
1918 984 2061 1048 sternunt
2071 1001 2110 1050 ao

344 1106 406 1155 non
422 1096 550 1170 possent
560 1091 720 1172 etiamipai
733 1108 769 1156 se
780 1091 1011 1173 doctrinamque
1035 1107 1122 1156 snum
1136 1105 1201 1154 nou
1244 1086 1396 1162 muniunt,
1420 1105 1511 1168 quom
1534 1091 1780 1172 accuratissime,
1803 1111 1839 1159 ao
1859 1097 2109 1166 luculentissime

344 1207 492 1282 execrari,
507 1207 622 1274 numid
634 1224 834 1290 senenegare
846 1225 907 1274 non
922 1209 1053 1290 possint,
1080 1223 1115 1272 sc
1136 1205 1200 1272 illis
1242 1201 1310 1268 lieri
1325 1204 1623 1284 potcatrctcttumus.

343 1327 382 1392 ad
396 1325 654 1408 progrediendum
675 1325 710 1390 in
724 1332 821 1389 castro
832 1325 1011 1390 Arianorum
1025 1341 1088 1390 non
1105 1325 1199 1388 mocio

341 1443 535 1509 occasionem
558 1442 690 1522 aliquam
717 1441 854 1521 dedisse,
883 1441 940 1507 sed
968 1442 1060 1506 etiam
1079 1445 1198 1523 portam

338 1559 520 1624 latissimam
534 1558 729 1640 patefecisse.

1408 1437 1490 1502 Ordo
1505 1440 1734 1519 disputationis
1749 1443 1789 1510 dc
1805 1443 1938 1510 Gbrieto.

380 1675 458 1751 Quid
474 1676 567 1752 enim,
584 1691 711 1754 quaeso,
728 1675 891 1739 Lutberuni
907 1681 938 1740 ct
952 1675 1134 1740 dalrinistoe
1147 1690 1196 1739 re·
1281 1669 1423 1754 Quinque
1438 1680 1527 1737 crunt
1540 1680 1640 1754 portes
1653 1676 1745 1758 hujus
1758 1675 1986 1758 disputationis.

337 1793 522 1873 spondeant,
537 1793 565 1856 si
580 1809 649 1858 cum
664 1793 712 1857 eis
738 1793 779 1857 ita
807 1798 900 1875 agant
926 1794 1117 1858 Tritbeistne:
1134 1792 1196 1858 Cur

336 1925 394 1972 nos
409 1908 489 1972 iiiios
503 1915 621 1973 nestros
642 1917 724 1973 tauto
752 1910 854 1974 lurore
884 1917 1027 1991 parentes
1053 1909 1196 1974 uexatis?

335 2025 395 2091 Cur
407 2026 491 2089 terro
505 2032 536 2089 et
551 2026 614 2107 igni
629 2027 852 2106 persequimini
864 2041 943 2107 quos
957 2027 1126 2107 genuistis?
1134 2024 1194 2091 Cur

330 2149 393 2208 tam
406 2142 513 2220 iniquo
528 2143 630 2206 auimo
650 2143 806 2224 Evangelii
828 2143 919 2207 uestri
939 2143 1057 2207 fructus
1072 2142 1195 2226 colligi·

328 2260 395 2324 tis?
409 2258 489 2322 Nulli
504 2265 588 2322 certe
603 2275 641 2321 ex
655 2260 785 2338 Papistis
801 2260 887 2336 liunt,
912 2260 969 2324 sed
990 2265 1143 2341 quotquot
1154 2261 1194 2325 Α·

327 2375 406 2440 riaui
428 2392 548 2450 sumus,
571 2391 609 2439 er
628 2376 717 2439 robis
740 2377 905 2441 lutherani
933 2385 963 2442 et
984 2377 1188 2457 calvinistae,

328 2492 647 2571 omnesprodirimus.
671 2493 803 2555 llrobis
824 2511 911 2568 sane,
936 2512 999 2558 nou
1021 2513 1038 2558 a
1061 2495 1191 2576 Popistis

1321 1788 1431 1865 Prima,
1448 1790 1487 1854 de
1501 1791 1660 1856 ltirinitute
1675 1792 1799 1858 Christi.

1321 1904 1475 1982 Secunda,
1491 1907 1531 1971 de
1545 1907 1747 1974 bistinotioue
1763 1911 1920 1992 personali
1935 1912 2052 1980 al’atre
2068 1922 2101 1980 et

1362 2022 1474 2102 Spiritu
1489 2031 1607 2088 sancto.

1320 2137 1430 2214 Tertio,
1447 2140 1486 2204 de
1499 2139 1608 2216 Carne,
1624 2141 1688 2206 sivo
1704 2141 1921 2209 incarnatione
1934 2145 2072 2212 Domini.

1319 2254 1442 2334 Quarto,
1460 2255 1499 2318 de
1514 2256 1620 2320 Anima
1636 2259 1791 2338 ejusdem.

1321 2370 1442 2450 Quinta,
1457 2371 1497 2437 de
1512 2372 1619 2438 Oilicio
1635 2375 1822 2440 llodintoris.

327 2609 515 2685 didicimus,
538 2608 762 2673 nihilomnino
784 2611 972 2674 credendum
994 2627 1084 2687 csse,
1107 2613 1190 2693 quod
1239 2605 1319 2671 ordo
1331 2607 1460 2686 pmmoe
1474 2607 1682 2688 quaestionis,
1700 2623 1784 2690 quoe
1809 2611 1869 2672 est·
1892 2609 2097 2678 inebrietas

327 2739 475 2804 expresse
489 2723 521 2787 in
537 2725 652 2790 sanctis
666 2726 777 2790 biteris
789 2744 852 2791 uon
862 2727 1125 2803 hancarardum
1139 2745 1191 2793 ue·
1293 2727 1435 2790 attenua
1448 2741 1585 2791 pumero
1607 2729 1690 2792 botos
1711 2743 1787 2792 cum
1806 2727 1902 2792 Putre
1923 2735 1952 2792 et
1972 2730 2097 2810 spiritu
2206 2747 2207 2774 ³

324 2857 359 2906 ro
373 2840 569 2917 homousion,
585 2841 782 2919 Trinitatem,
807 2844 987 2919 essentiam,
1010 2859 1188 2924 personam,
1294 2848 1419 2906 sumto.

324 2955 524 3033 relationem,
547 2957 766 3036 proprietatem
789 2957 822 3021 in
845 2957 1010 3039 Scripturis
1039 2976 1188 3041 expresse

325 3087 388 3136 non
401 3072 544 3152 legimus,
554 3074 631 3137 baec
644 3075 747 3137 omnia
760 3075 904 3138 damnare
916 3075 1014 3138 coacti
1031 3077 1187 3141 sumusi
1272 3075 1417 3152 Quaestio
1432 3075 1510 3138 hoec
1523 3074 1623 3154 prima
1638 3079 1670 3138 et
1683 3075 1815 3140 maxima
1831 3083 1878 3140 cst
1890 3077 1969 3142 inter
1984 3095 2096 3146 omues

325 3187 413 3253 uobis
430 3187 606 3265 didicimus
628 3205 731 3270 neque
751 3191 884 3267 Petrum,
910 3207 1014 3272 nequo
1036 3192 1188 3259 Concilio·

323 3319 403 3380 rum,
420 3321 523 3385 neque
539 3306 630 3369 totius
658 3306 828 3382 Ecclesiae,
859 3307 914 3369 sed
930 3308 1027 3371 solius
1056 3310 1184 3389 spiritns

325 3419 586 3499 acquiescendum
599 3436 673 3486 csse
683 3422 812 3504 iudicio.
828 3423 923 3487 llobis
935 3429 1038 3487 autem
1049 3425 1109 3488 boc
1123 3427 1187 3507 spi·

250 3597 256 3607 ,
322 3535 401 3600 ritus
415 3535 519 3613 dictat,
536 3554 594 3602 nee
609 3555 774 3619 possumus
789 3541 869 3603 salva
887 3541 1080 3606 conscientia
1101 3543 1185 3608 aliud

325 3651 463 3729 credere,
480 3654 528 3718 vol
544 3654 658 3718 dicere.
674 3656 695 3717 tl
712 3656 798 3718 vobis
813 3655 990 3733 didicimus,
1000 3657 1109 3737 Papum
1124 3664 1184 3722 rto·

324 3768 508 3850 ticbristum,
522 3772 706 3852 Episcopus,
729 3773 906 3849 llonacltos,
936 3773 1073 3854 lapistus
1097 3776 1185 3840 deni·

326 3903 387 3966 que
401 3904 510 3954 omncs
523 3890 562 3952 ad
576 3889 753 3954 indoluisti
767 3891 904 3954 membra
926 3891 1092 3971 pertinere.
1108 3894 1183 3973 Quis

326 4009 427 4068 autem
441 4006 546 4070 credat
558 4006 777 4072 Antichristum
792 4005 965 4072 decurtato
980 4014 1064 4072 recte
1075 4009 1182 4074 crede·

324 4122 386 4184 rei
399 4123 438 4186 ab
452 4123 637 4187 tottcnrtsto
649 4139 753 4188 rerum
769 4123 921 4188 Christum
938 4125 1124 4204 praedicari?
1135 4141 1182 4190 er·

325 4253 365 4316 qo
389 4238 417 4302 si
442 4241 533 4303 nobis
557 4247 698 4304 onustare
722 4240 883 4314 vellemus,
911 4241 1005 4303 alium
1029 4239 1183 4305 dbristum

325 4369 474 4432 quaerere
488 4355 664 4419 debuimus.
681 4356 803 4421 Anubis
818 4355 966 4436 deniqne,
989 4374 1053 4420 non
1068 4375 1084 4420 a
1097 4356 1185 4438 Papi·

326 4470 382 4532 stis
396 4470 571 4548 didicimus,
595 4473 781 4536 diuinitatem
796 4473 867 4536 Filii
881 4474 959 4537 Patri
974 4474 1114 4550 obedire,
1137 4474 1183 4538 illi

327 4587 510 4666 sacrificare,
527 4596 558 4652 et
571 4589 646 4670 pati,
662 4594 694 4654 et
706 4591 784 4654 mori
799 4607 903 4672 posse,
919 4592 1039 4671 aliaque
1054 4606 1182 4655 sexcen-

325 4707 355 4766 ta
371 4704 495 4783 generis
511 4705 662 4786 ejusdem3
679 4706 840 4785 exquibus
855 4706 1004 4786 proiecto,
1020 4707 1081 4772 nisi
1097 4706 1183 4788 stipi·

325 4822 372 4881 tes
386 4835 539 4899 essemus,
553 4823 654 4886 omnia
670 4839 749 4904 quae
763 4841 847 4887 nuuc
862 4825 1020 4896 docemus,
1036 4825 1184 4905 colligere

326 4935 503 5002 debuimus.
519 4939 598 5014 Quid
612 4941 651 5004 ad
665 4941 743 5004 hae'c
757 4912 950 5020 respondere
972 4939 1106 5004 debeant
1125 4941 1184 5006 Lu·

324 5053 457 5128 lberoni,
468 5054 546 5134 ipsis
558 5057 752 5137 cogitandum
781 5058 1005 5137 relinquemus.
1030 5057 1091 5120 ltus
1112 5073 1184 5122 vero

325 5185 404 5248 quae
420 5176 543 5236 nostrae
557 5178 660 5252 partes
674 5178 757 5250 sunt,
773 5174 837 5238 lieo
851 5175 933 5238 bene
955 5174 1080 5255 jurante
1107 5187 1185 5252 ope·

325 5301 389 5350 ram
403 5286 556 5365 dabimus,
572 5295 605 5352 ut
618 5290 696 5354 haec
711 5297 770 5354 tam
781 5291 1014 5382 blasphema,et
1025 5287 1184 5352 borribilio

326 5402 481 5484 dogmata,
496 5422 576 5486 quae
598 5406 703 5472 lidem
718 5406 920 5472 Christianum
939 5403 1076 5468 funditus
1097 5417 1183 5468 eaer-

1315 3193 1512 3274 quacstionos
1522 3192 1560 3256 de
1576 3191 1708 3257 Christo.
1721 3193 1852 3258 Habebit
1866 3201 1967 3259 autern
1989 3203 2095 3278 partes

1354 3296 1420 3374 sex.

1315 3427 1426 3502 Primo,
1440 3425 1620 3507 explicanda
1632 3425 1691 3490 erit
1705 3425 1856 3490 sententia
1873 3443 2019 3491 notorum
2037 3427 2093 3493 Sa·

1353 3542 1587 3618 mosetensium,
1604 3543 1656 3622 qui
1674 3541 1832 3606 Serrctum
1848 3550 2030 3622 sequuntur.

1314 3659 1469 3734 Secundo,
1494 3658 1673 3739 explicanda
1696 3662 1743 3720 est
1764 3659 1914 3722 sententia
1939 3673 2090 3722 uovorum

1352 3774 1544 3852 triuncrum,
1554 3773 1606 3856 qui
1621 3778 1793 3857 sequuntur
1806 3773 2000 3838 Valentinum
2012 3774 2093 3840 Gon·

1352 3890 1448 3955 tilam.

1312 4008 1425 4097 l'ertio,
1452 4008 1646 4089 probandum
1676 4014 1734 4086 est,
1756 4023 1850 4072 unam
1871 4023 1941 4073 esse
1962 4023 2093 4074 nurnero
2206 4025 2207 4028 ’

1350 4141 1452 4190 reram
1467 4123 1676 4202 Divinitetcm,
1689 4121 1755 4190 siue
1768 4139 1865 4188 unum
1882 4128 1997 4188 tantum
2020 4139 2094 4190 esse

1350 4255 1455 4304 rerum
1470 4239 1581 4304 Deum.
1862 4305 1866 4314 ,

1310 4353 1443 4434 Quarto,
1467 4354 1619 4420 Christum
1648 4369 1719 4420 esse
1747 4353 1833 4418 illum
1855 4355 1957 4436 ipsum
1985 4371 2095 4420 rerum

1349 4471 1460 4536 Deum.

1310 4587 1431 4668 Quinto,
1453 4588 1596 4669 Spiritum
1609 4591 1748 4653 sanctum
1763 4601 1834 4652 csse
1848 4585 1934 4650 illnm
1956 4585 2094 4652 eundem

1350 4722 1456 4772 rerum
1470 4703 1658 4770 ileumllinc
1672 4704 1756 4768 enim
1770 4701 1921 4783 sequitur,
1936 4699 2094 4766 Cbristum

1350 4838 1421 4888 esse
1436 4835 1531 4886 unum
1545 4835 1674 4884 numero
1689 4819 1787 4884 licum
1801 4818 1965 4884 cumPntre
1978 4823 2009 4882 ct
2019 4817 2094 4898 Spi-

1350 4936 1410 5002 ritu
1424 4941 1542 5002 sancto.
1558 4936 1629 5000 llam
1641 4933 1724 5017 quud
1739 4934 1828 4999 Peter
1838 4933 1879 4998 sil
1890 4945 1979 4998 rems
1990 4931 2090 5010 bens,

1353 5069 1461 5118 omues
1475 5054 1618 5116 latentur.

1310 5170 1412 5246 Sexto,
1427 5169 1594 5235 soluendae
1607 5174 1680 5234 suut
1694 5182 1803 5234 omues
1828 5163 2023 5248 objectiones
2038 5161 2092 5225 ad·

1349 5284 1563 5352 versariorum.
