4792 7009
355 759 410 820 8}ss
638 824 642 832 ,
1132 751 1318 816 retemta

389 889 553 960 secunda:
568 891 647 956 Num
663 888 804 970 regimen
828 887 987 956 Ecclesiae
1012 889 1125 958 demat
1137 907 1210 956 esse
1300 886 1369 952 Jacr
1382 900 1454 953 cero
1467 886 1619 970 posterior
1634 886 1863 954 cantrcacrctac
1883 905 2031 971 parsscx
2061 891 2137 954 alias

348 1006 598 1074 monarchicumt
1262 1003 1460 1086 quaestiones
1474 1003 1699 1086 complectitur.

388 1125 510 1190 recta:
525 1123 670 1190 ruarttnc
684 1139 713 1188 s.
727 1123 837 1188 Petrus
848 1121 967 1203 pactus
977 1121 1137 1188 Ecclesiae
1160 1141 1211 1190 ca·
1301 1119 1423 1188 Prima:
1439 1119 1526 1186 Sitne
1536 1122 1654 1190 romani
1664 1123 1821 1202 pontificis
1835 1128 1969 1192 statuere
1996 1123 2045 1188 de
2062 1139 2135 1187 ccc·

349 1239 859 1324 thaticaespiritaattsmccarctaat
1264 1236 1420 1304 tractastis
1430 1236 1530 1318 Fidei,
1544 1243 1575 1304 ct
1585 1239 1724 1304 cccrum?

389 1358 501 1438 Quarta
514 1375 523 1420 z
536 1356 615 1423 Num
627 1354 756 1420 idcmb.
769 1354 878 1420 Petrus
892 1355 1020 1420 Romam
1038 1356 1212 1433 acaecitat·
1304 1354 1462 1420 Secunda:
1477 1355 1521 1420 Aa
1536 1356 1571 1420 in
1582 1372 1620 1422 ec
1632 1356 1752 1438 iudicia
1763 1372 1866 1422 errare
1878 1359 2005 1438 possit?

349 1491 412 1556 qce
423 1473 542 1540 ibidem
554 1470 766 1554 peccacatem
778 1471 888 1538 sederat
911 1479 1063 1554 perpetua
1088 1489 1213 1540 mansa·
1304 1468 1414 1536 Tertia:
1430 1471 1571 1537 Passitce
1584 1473 2132 1557 sammuspcatitaxlegascendere

348 1608 416 1656 ram
428 1589 643 1656 constituerit?
985 1633 988 1637 ›
1264 1588 1736 1668 quaahaminumccnscientias
1757 1592 1963 1672 retentarat,
1988 1591 2136 1657 etsimul

392 1708 516 1786 Quinta:
529 1706 856 1773 saccacataasttatrc
871 1723 1019 1772 ramanus
1034 1708 1213 1789 episcopas,
1264 1705 1507 1770 animadvertere
1520 1706 1553 1770 in
1566 1707 1858 1786 praevaricatores?

350 1841 415 1890 nan
427 1825 530 1890 sclam
541 1823 575 1886 in
590 1823 771 1904 episcopatu
782 1839 922 1899 romano,
937 1824 995 1888 sed
1020 1825 1112 1888 ctiam
1135 1825 1169 1888 ia
1179 1843 1214 1888 a·
1303 1821 1425 1898 Quarta:
1441 1821 1488 1885 en
1503 1822 1543 1886 sit
1557 1823 1767 1888 ecclesiastica
1779 1824 1954 1907 jurisdictio
1968 1825 2036 1889 soli
2058 1841 2133 1904 pca-

350 1942 492 2008 niccrsac
506 1939 661 2005 ecclesiae
673 1938 866 2019 principatu?
887 1938 932 2002 tc
946 1955 1039 2020 qaam
1061 1942 1215 2021 quacsttc·
1261 1937 1335 2002 tiflci
1350 1955 1472 2004 summe
1487 1957 1503 2002 a
1519 1939 1639 2006 Christo
1649 1941 1689 2004 ita
1703 1943 1914 2018 contraissent
1930 1939 2068 2004 neaniai
2080 1957 2136 2021 per

353 2073 428 2124 nem
439 2056 590 2138 quaedam
601 2055 696 2120 etiam
708 2055 789 2120 aliae
802 2055 1039 2131 revocabantur,
1051 2071 1132 2136 quae
1144 2075 1217 2122 cura
1264 2069 1334 2118 eum
1349 2055 1538 2120 adverteres
1551 2055 1733 2122 derivetur?

355 2189 393 2238 ea
406 2172 450 2237 ita
464 2171 649 2253 conjuratae
663 2177 785 2248 scatet
798 2171 922 2252 sejungi
934 2172 1019 2235 nulla
1040 2173 1131 2236 racdc
1146 2190 1218 2252 pos·
1308 2170 1436 2247 Quinta:
1452 2173 1499 2244 aa
1518 2178 1639 2253 praeter
1666 2173 1857 2252 spiritualem
1879 2172 2134 2254 jurisdictionem

356 2288 431 2353 sina
444 2292 489 2366 ut,
505 2287 545 2352 dc
556 2287 817 2368 appellationibus
840 2302 878 2351 erc
892 2291 955 2351 tcto
979 2287 1055 2351 arbe
1070 2294 1217 2353 terrarum
1267 2285 1473 2352 habeatidcm
1498 2287 1635 2368 pontifex
1658 2289 1862 2370 temporalem
1881 2289 2020 2369 aliquam
2048 2295 2135 2368 wpote·

356 2402 572 2482 audiendis3dc
586 2401 1219 2479 instituendis‚confirmandistrarteteaea-
1265 2390 1386 2480 atatem,
1401 2421 1436 2468 ea
1448 2403 1567 2470 ratione
1582 2421 1640 2485 quc
1652 2405 1791 2485 pcatitax
1803 2405 1877 2470 cst?

357 2519 418 2598 dis,
431 2519 599 2606 nectendis
612 2518 705 2596 etiam
718 2525 749 2616 et
762 2518 802 2582 ab
823 2519 924 2592 afflato
946 2518 1220 2600 remarcadisepi·
1307 2517 1567 2600 Sextarrtapcastt
1580 2519 1709 2600 habere,
1724 2522 1875 2604 acretpsa
1894 2522 2021 2600 habeat,
2047 2521 2131 2602 pric-

251 2626 253 2639 '
359 2635 478 2716 scopis;
493 2641 524 2699 et
537 2635 615 2698 aliae
626 2635 796 2700 nonnullae
811 2633 936 2716 macris
950 2633 1105 2715 eJusdem.
1222 2658 1228 2692 κ
1269 2637 1372 2718 cipum
1388 2637 1564 2716 donatiana,
1587 2639 1752 2718 imparium
1766 2640 1889 2722 aliquod
1903 2639 2084 2721 temperata
2104 2641 2134 2700 ic

398 2751 507 2816 Sexta:
523 2751 600 2816 Num
615 2751 699 2816 idem
712 2767 860 2816 ramanus
873 2751 1043 2832 episcopus
1058 2769 1098 2818 cx
1109 2753 1223 2818 vicario
1269 2760 1369 2822 certas
1383 2753 1568 2838 provincias,
1585 2765 1636 2824 aut
1649 2758 1812 2841 regiones?

362 2866 522 2932 christiin
536 2867 757 2934 Antichristum
771 2867 936 2950 aliquando
950 2868 1119 2934 transierit?
1623 2885 1626 2888 ·
