4792 7009
760 1195 793 1242 ,ι
923 1093 1137 1268 menn
1183 1137 1511 1247 qunnnus

585 1634 588 1638 ί
708 1751 1059 1932 snum
1118 1706 1714 1932 pontianus

1099 2224 1352 2242 -n——ffl—*n

693 3029 812 3096 elidi
826 3031 851 3094 Ι.
1203 3110 1207 3120 Ι
1251 3049 1296 3098 re:
1314 3029 1351 3096 n'n
1364 3033 1529 3115 episcopos
1544 3032 1659 3114 eligere
1675 3033 1720 3097 rel
1737 3038 1819 3097 certe
1834 3028 2029 3094 cocnrmare.
2056 3029 2120 3094 Sed

1250 3119 1327 3180 tatae
1353 3132 1473 3188 omnes,
1500 3123 1591 3198 atque
1607 3115 1683 3179 aliae
1699 3117 1728 3177 id
1745 3129 1855 3197 genus,
1873 3128 1934 3174 non
1958 3119 2031 3176 sunt
2048 3131 2119 3194 pro·

365 3197 457 3276 Quod
466 3214 560 3281 pape
578 3197 620 3261 sit
632 3211 779 3260 commea
787 3197 896 3276 judeo
909 3199 948 3261 in
960 3200 1185 3265 matronarsitr
1249 3201 1337 3286 prise
1350 3199 1445 3280 buius
1460 3199 1532 3263 loci.
1555 3198 1653 3262 Prima
1670 3201 1750 3261 enim
1766 3199 1804 3261 ad
1820 3195 2063 3276 disputationem
2080 3198 2119 3258 de

509 3280 598 3361 fidei,
615 3280 1034 3362 etmommdijodicoodte.
1252 3281 1391 3344 conciliis
1416 3281 1560 3362 pertinet.
1584 3280 1723 3344 Secunda
1750 3281 1787 3343 ad
1814 3275 2057 3360 disputationem
2082 3280 2122 3342 de

1250 3365 1451 3446 poenitentia.
1466 3363 1565 3428 Tertia
1581 3364 1618 3426 ad
1633 3363 1870 3443 disputationem
1887 3361 1925 3422 de
1941 3363 2025 3424 cultu
2042 3377 2119 3424 san·

385 3445 668 3511 Demonstravimus
683 3445 844 3513 hactonus,
860 3459 916 3522 pro
927 3447 1043 3526 ingenii
1054 3445 1150 3509 nostri
1163 3450 1208 3508 te·
1252 3446 1561 3522 ciorumiiuartaad
1588 3443 2123 3526 disputationemderotisetinsti·
2189 3483 2190 3492 a

343 3533 472 3602 unitate,
498 3543 657 3590 romanum
683 3528 865 3605 episcopum
878 3529 970 3590 totius
984 3529 1142 3591 Ecclesiae
1158 3544 1207 3590 ca·
1253 3531 1325 3602 tutis
1341 3532 1570 3592 monachorum.
1584 3527 1691 3602 Quinta
1705 3530 1743 3590 ad
1756 3525 1993 3608 disputationem
2005 3526 2045 3589 de
2056 3529 2122 3588 cle-

344 3614 476 3675 tboiicae
491 3627 645 3674 summum
659 3616 813 3688 pastorem
834 3625 905 3672 esse
920 3627 936 3673 a
953 3609 1073 3674 Christo
1088 3610 1209 3673 institu-
1251 3611 1671 3690 ricis.1nquibualociseas.
1686 3612 1747 3674 ileo
1759 3611 1891 3684 nolente,
1906 3609 2120 3672 tractabimus.

343 3700 421 3768 tum,
433 3709 494 3758 nee
505 3695 536 3755 in
547 3692 766 3757 Antichristum
779 3693 986 3770 degenerasse.
998 3709 1143 3771 unquam,
1156 3699 1210 3756 aut
1294 3695 1428 3774 Sednec
1443 3697 1541 3774 prima
1557 3695 1695 3771 quaestio
1711 3692 1864 3773 generalis
1876 3691 1914 3752 de
1923 3691 2029 3771 judice
2042 3708 2120 3754 con·

345 3778 449 3858 aliquo
463 3773 523 3838 aiio
537 3776 629 3838 modo
654 3789 804 3841 summam
821 3776 900 3837 bano
915 3774 1092 3856 dignitatem
1106 3777 1209 3856 pordi-
1254 3777 1480 3852 troversiarum,
1509 3777 1567 3840 boc
1583 3777 1651 3838 loeo
1667 3775 1781 3841 diutins
1797 3789 1854 3836 nos
1870 3773 2030 3838 detinebit:
2046 3791 2120 3836 narn

344 3859 440 3924 disse.
456 3859 540 3921 lione
555 3858 595 3920 de
609 3863 758 3937 potestate
770 3858 869 3935 ipsius
881 3864 941 3920 tam
952 3858 1103 3937 spirituali
1116 3877 1208 3940 quana
1252 3861 1285 3922 ln
1297 3859 1502 3938 disputatione
1518 3860 1556 3922 de
1564 3859 1665 3922 Verbo
1677 3859 1730 3920 liei
1740 3858 1804 3938 jam
1815 3857 2021 3930 ostendimus,
2031 3857 2120 3938 judi·

342 3941 504 4022 temporali
519 3940 735 4004 disserendum
751 3947 853 4016 est3ae
868 3940 906 4001 de
918 3941 1067 4025 spirituaii
1082 3941 1209 4022 quidem
1254 3959 1321 4005 cem
1336 3943 1610 4009 controversiarum
1626 3957 1686 4003 non
1699 3955 1769 4004 esse
1779 3940 2037 4019 Scripturam‚nec
2051 3955 2122 4002 sae·

345 4027 377 4086 in
393 4025 454 4088 boc
468 4023 547 4086 libro
562 4031 680 4103 quarto:
695 4024 733 4085 de
749 4023 909 4100 temporali
924 4039 1007 4096 uero,
1021 4023 1052 4085 in
1066 4023 1210 4104 sequenti
1254 4025 1374 4088 eulares
1387 4024 1568 4104 principes,
1584 4040 1643 4088 neo
1659 4025 1790 4104 privatos
1805 4023 1959 4096 homines,
1975 4025 2120 4101 quamvis

343 4107 466 4188 quinto,
491 4105 545 4185 qui
559 4114 590 4169 et
603 4113 778 4186 postremus
803 4105 872 4180 erit,
888 4105 1019 4171 Ilotnino
1034 4108 1208 4189 adjuvante,
1254 4107 1368 4187 probos
1393 4113 1424 4170 et
1438 4106 1556 4182 doctos,
1573 4107 1629 4171 sed
1645 4105 1871 4169 ecclesiasticos
1886 4106 2052 4184 praelatos.
2085 4106 2120 4171 ln

344 4193 546 4254 disseremus.
1255 4189 1461 4268 disputatione
1472 4205 1544 4252 tero
1556 4188 2032 4262 decouoiliis‚demonstrandum
2043 4190 2117 4262 erit,

383 4272 478 4337 Porro
490 4272 528 4334 de
539 4270 691 4350 spirituaii
704 4269 858 4350 pontilicis
868 4276 1030 4351 potestate,
1043 4270 1102 4337 etsi
1114 4271 1209 4333 mulla
1254 4273 1369 4336 babere
1381 4271 1504 4352 quidem
1517 4273 1646 4336 concilia
1661 4279 1718 4333 tam
1737 4269 1902 4351 generalia.
1916 4287 2008 4346 quarn
2025 4277 2120 4350 parti-

341 4355 375 4423 in
391 4353 565 4434 particulari
585 4355 703 4415 tractari
720 4359 858 4433 possent.
875 4360 1005 4433 quatuor
1019 4361 1119 4434 tamen
1136 4360 1210 4416 sunt
1253 4356 1367 4418 colaria
1391 4355 1544 4436 judicium
1558 4355 1597 4418 de'
1620 4353 1834 4417 controversiis
1859 4352 2031 4433 religionis,
2058 4355 2116 4416 sed

344 4435 513 4518 praecipue
528 4436 736 4513 quaestiones.
753 4434 818 4497 Ena
833 4435 873 4498 de
885 4444 1035 4515 potestate
1048 4437 1208 4516 judicandi
1254 4437 1329 4502 iliud
1343 4437 1493 4520 iudicium
1509 4443 1573 4500 lum
1587 4437 1711 4500 demum
1727 4450 1797 4498 esse
1822 4431 1943 4498 limium
1958 4444 1988 4498 et
2002 4441 2117 4512 ratum,

346 4519 568 4582 controversias
584 4517 657 4580 ddei
671 4525 843 4597 etmorum3
870 4536 942 4582 num
956 4519 1097 4581 uidelicet
1108 4537 1142 4582 en
1156 4535 1211 4598 po·
1253 4537 1321 4584 eum
1335 4519 1621 4584 accesseritsnmmi
1636 4515 1994 4602 pontilicisconbrmati03
2011 4519 2119 4600 proin·

344 4607 440 4664 testas
453 4601 484 4662 in
499 4615 620 4663 summo
646 4599 793 4680 pontifice
807 4603 863 4663 sita
879 4603 931 4664 sit.
948 4603 1046 4664 ttltora
1065 4601 1104 4664 de
1119 4603 1209 4664 certi·
1255 4603 1294 4666 de
1316 4601 1454 4664 ultimum
1468 4603 1618 4685 judicium
1635 4599 1747 4664 summi
1760 4598 1913 4680 pontilicis
1928 4617 2012 4664 esse.

344 4684 465 4760 tudine3
480 4684 556 4759 sire,
571 4688 605 4744 ut
619 4683 665 4745 sic
679 4684 850 4762 loquamur.
867 4684 905 4747 de
921 4685 1136 4747 ntanioitttate
1152 4685 1209 4746 bu·
1295 4685 1413 4748 Deinde
1425 4685 1456 4747 in
1472 4691 1530 4748 bac
1541 4687 1608 4765 ipsa
1620 4683 1826 4765 disputatione
1838 4682 1876 4744 de
1888 4681 2035 4761 pontifice
2046 4701 2118 4746 curn

343 4768 396 4851 jus
419 4766 540 4846 judieii3
563 4773 666 4828 utrum
681 4781 820 4828 summus
836 4767 971 4845 pontilex
986 4769 1019 4850 in
1031 4766 1209 4846 judicandis
1254 4766 1445 4830 ostendimus
1462 4815 1469 4841 ‚
1484 4762 1646 4830 =summum
1668 4764 1843 4846 pontificem
1866 4773 1956 4844 eaput
1970 4773 2000 4827 et
2014 4773 2119 4844 pasto·

346 4849 562 4912 controuersiis
583 4846 667 4921 fidei,
684 4854 714 4910 et
730 4865 849 4911 morum
865 4849 1092 4928 euarepossit.
1109 4849 1209 4912 Tertia
1254 4866 1320 4913 rem
1335 4865 1405 4912 ease
1421 4853 1513 4912 totius
1527 4849 1685 4912 Ecclesiae
1701 4867 1709 4925 3
1726 4847 1799 4926 quid
1815 4848 1895 4909 alind
1911 4849 2117 4922 ostendimus,

347 4933 386 4996 de
401 4936 552 5011 potestate
567 4932 701 4994 coactiva
714 4931 817 5012 legum
833 4930 1041 5009 terendarnm3
1058 4949 1094 4992 an
1111 4935 1210 5011 pobli-
1253 4949 1342 5012 quam
1359 4946 1429 4994 esse
1445 4948 1515 4995 eum
1531 4949 1683 4996 summum
1697 4931 1833 5012 judicem
1850 4931 1881 4992 in
1896 4925 2055 4993 Ecclesia?
2065 4940 2118 4994 aut

347 5015 397 5076 tex
411 5029 550 5091 summus
564 5029 625 5075 non
641 5015 741 5079 solum
751 5014 893 5094 iudicare
909 5015 1067 5092 possitet
1080 5013 1113 5075 in
1124 5013 1207 5094 judi·
1255 5008 1456 5078 enim'nuilus
1471 5031 1542 5078 esse
1557 5015 1650 5080 debet
1664 5015 1742 5078 inter
1757 5013 1897 5076 bomines
1907 5013 2014 5093 judex,
2028 5021 2081 5076 aut
2094 5017 2120 5078 is

348 5097 447 5159 cando
462 5096 524 5158 nolt
536 5098 627 5173 erret3
643 5097 697 5168 sed
715 5100 803 5158 etiam
819 5097 1015 5177 possitleges
1027 5095 1119 5171 terre,
1132 5111 1210 5173 quae
1255 5097 1351 5160 debet
1365 5113 1447 5171 esse,
1465 5101 1516 5176 qui
1532 5097 1661 5160 caeteris
1677 5101 1807 5175 praeest.
1829 5093 1932 5174 Neque
1949 5096 1979 5158 td
1994 5101 2069 5176 puto
2086 5097 2117 5159 in

346 5178 490 5261 homines
514 5179 546 5239 in
562 5180 751 5241 conscientia
763 5180 914 5262 obl'uent
937 5187 968 5242 et
983 5183 1092 5258 cogant
1106 5179 1210 5243 crede·
1247 5181 1492 5247 'controuersiam
1509 5196 1643 5259 unquam
1660 5194 1730 5241 esse
1745 5184 1931 5240 reuocatum.

348 5277 394 5353 re.
421 5267 473 5322 ant
486 5276 588 5341 agere,
615 5266 705 5340 prout
719 5260 871 5327 summus‘
886 5262 1025 5343 pontilex
1048 5261 1207 5341 judicarit.
1285 5263 1434 5342 ¹benique
1451 5311 1459 5340 ‚
1476 5263 1609 5342 idipsum
1624 5263 1655 5324 in
1673 5261 1813 5338 sequenti
1829 5261 1919 5323 etiarn
1935 5261 2116 5339 quaestione

350 5344 461 5416 Quarta
475 5343 515 5407 de
530 5343 805 5415 communicatione
830 5347 930 5418 buius
942 5344 1114 5423 potestatis
1130 5344 1210 5408 sitne
1254 5345 1378 5424 planum
1395 5343 1447 5408 tiet
1474 5345 1546 5408 llam
1562 5346 1587 5406 si
1604 5347 1813 5420 demonstrare
1827 5345 1994 5424 potetimus
2011 5391 2019 5416 ,
2033 5343 2116 5427 judi·

348 5425 493 5489 videlicet
506 5427 642 5493 omnium
654 5426 782 5489 aliorum
794 5427 1074 5490 ecelesiasticorum
1085 5442 1209 5506 praesu·
1255 5429 1338 5490 cium
1352 5431 1462 5490 summi
1486 5427 1639 5504 pontilicis
1655 5433 1771 5490 cerium
1788 5443 1823 5494 ae
1837 5425 1997 5490 inlaliibiie
2019 5443 2090 5490 esse
2106 5446 2116 5510 5

349 5507 414 5570 lum
427 5507 599 5588 jurisdictio
614 5525 631 5572 a
646 5523 765 5570 summo
776 5507 921 5588 pontilce
932 5507 993 5571 illis
1006 5510 1211 5572 communica·
1255 5509 1391 5590 protecto
1403 5503 1553 5572 constabit
1565 5508 2114 5590 quoqueenndempontitioemsum·

350 5594 391 5652 ta.
407 5605 446 5652 an
461 5607 478 5652 a
492 5589 556 5653 lleo
571 5591 745 5654 immediate
759 5598 896 5670 accepta.
1255 5607 1339 5655 mum
1354 5591 1510 5654 Ecclesiae
1521 5591 1659 5672 judicem
1674 5605 1756 5654 esse.
1771 5590 1923 5665 Quorsum
1939 5595 2020 5655 enim
2033 5593 2112 5657 lieus

393 5671 514 5734 Praeter
527 5670 584 5734 bas
598 5675 758 5752 generales
770 5671 968 5754 quaestiones
979 5673 1098 5736 tractari
1111 5675 1212 5737 soient
1255 5675 1448 5737 attribuisset
1462 5675 1646 5754 apostolieae
1659 5673 1725 5736 sedi
1735 5673 1844 5752 judicii
1856 5675 2114 5752 iniallibilitatem,

354 5756 504 5828 quaedam
526 5755 603 5818 aliae
618 5756 828 5835 particularem
842 5762 888 5831 ut,
904 5771 941 5818 an
958 5755 1057 5834 possit
1070 5772 1209 5820 summus
1255 5755 1315 5818 nisi
1328 5757 1515 5820 attribuisset
1526 5757 1625 5850 eidem
1638 5757 1703 5818 sedi
1716 5753 1865 5820 summam
1881 5759 1912 5820 in
1923 5758 2049 5840 judiciis
2062 5775 2116 5838 po·

351 5836 489 5912 pontiiex
502 5835 631 5900 eoncilia
645 5839 801 5916 generatio
815 5853 1014 5919 congregare,
1030 5840 1208 5912 transferre,
1222 5849 1227 5862 ·
1255 5841 1414 5901 testatem?
1430 5837 1634 5903 Nihilominus
1648 5838 1768 5914 tarnem·
1777 5853 1818 5902 ne
1833 5839 1908 5903 nibil
1920 5844 2045 5905 omnino
2058 5842 2117 5904 boo

353 5914 532 6010 dissoluerat
559 5935 596 5982 an
621 5918 828 6000 indulgentias
855 5921 1009 5985 conterre:
1034 5937 1073 5982 an
1086 5928 1210 5984 sanctos
1256 5920 1325 5984 loeo
1340 5921 1687 6004 dicamus‚proleramus
1700 5921 1727 5984 si
1743 5922 1843 6001 piacet
1856 5939 1951 6003 pauca
1967 5924 2119 6004 quaedam

355 6011 545 6061 monocrator
562 6017 600 6062 an
615 5998 782 6080 religiones
796 6004 977 6083 approbare,
994 6003 1040 6064 rel
1058 6003 1210 6080 improba·
1255 6006 1429 6071 testimonia
1446 6005 1580 6086 exlege,
1596 6021 1632 6070 er
1647 6005 1856 6084 rcaogcttoex
1871 6006 2019 6071 Patribus.
2035 6005 2118 6072 bou-
