4792 7009
995 707 1094 770 blm
1108 707 1249 772 titulltlt
1912 715 1964 776 lot

225 877 288 936 teni
302 848 518 940 praereptum
530 842 662 910 Domini
674 859 745 908 noo
757 842 873 919 botro,
890 845 920 906 l.
943 842 1013 908 cor.
1028 845 1059 908 l.
1072 851 1104 910 et
1147 843 1318 914 etumllon
1336 843 1419 908 enirn
1434 845 1611 912 satistaeore
1628 862 1684 912 nos
1701 854 1841 926 paunus
1857 865 1911 930 pro
1925 859 2024 916 aeter·

226 957 331 1017 tomen
347 927 531 1004 ibitlmnail,
544 927 661 991 bonum
677 941 747 991 esse
763 943 856 1006 opus.
871 927 1020 1007 uirginem
1035 944 1103 1006 per·
1150 931 1199 990 nis
1215 928 1338 1008 poenis,
1356 941 1431 1008 quas
1447 927 1536 992 uobis
1553 929 1583 992 in
1597 929 1817 1010 justificatione
1834 934 1947 996 remitti
1964 951 2025 998 non

226 1033 364 1097 monere:
381 1011 499 1090 lpitur,
514 1010 689 1090 innuitque·
701 1011 912 1074 matrimonio
917 1010 1029 1090 juuptt
1038 1012 1103 1076 uir·
1151 1011 1339 1086 dubitamus,
1358 1012 1414 1074 sed
1430 1027 1485 1091 pro
1502 1013 1610 1090 poenis
1627 1016 1863 1091 temporalibus,
1887 1033 1962 1097 quas
1980 1019 2030 1082 rol

227 1117 338 1198 mmm
347 1109 458 1172 mmm,
472 1093 552 1160 berse
565 1091 659 1172 soeil5
672 1094 976 1176 etqutnoop'uoptt,
988 1097 1105 1167 melius
1150 1093 1214 1168 bie,
1232 1095 1278 1158 nel
1295 1095 1327 1155 in
1344 1095 1519 1174 purgatorio
1535 1091 1617 1158 Deus
1634 1097 1726 1176 eripit
1748 1097 1785 1159 ab
1802 1100 1850 1172 iis,
1880 1101 1932 1179 qui
1956 1109 2028 1181 post

228 1194 319 1279 [oeil-
1151 1175 1340 1256 baptismum
1371 1175 1408 1238 ad
1431 1179 1653 1256 poenitentiam
1679 1185 1709 1243 el
1738 1181 2021 1250 reconciliationem

270 1274 377 1348 pieque
395 1259 526 1322 mullum
539 1265 570 1322 le
583 1256 669 1338 jurat
693 1259 802 1340 regula
827 1259 878 1320 illa
896 1277 903 1320 :
935 1258 1020 1333 Quae
1048 1257 1104 1321 tibi
1151 1258 1289 1322 veniunt:
1306 1259 1501 1324 Producitur
1514 1267 1569 1332 est,
1582 1261 1681 1343 ioqult
1694 1263 1885 1342 Augustinus
1899 1265 2028 1330 Tractat.

230 1345 406 1443 praeripio,
421 1342 500 1406 haee
514 1350 630 1406 mnium
657 1340 748 1406 laoilo
773 1341 914 1406 Domino.
944 1343 1009 1404 lion
1023 1341 1114 1406 enim.
1155 1341 1226 1414 ill.
1241 1343 1276 1404 ln
1291 1341 1380 1406 loan.
1397 1357 1527 1421 poeria,
1545 1357 1646 1424 quom
1661 1345 1778 1425 culpe,
1794 1361 1837 1409 rte
1849 1363 1957 1426 parua
1970 1366 2031 1430 pu-

234 1457 271 1506 ao
287 1439 356 1500 loeo
379 1425 526 1508 probibet
536 1423 622 1488 lleus
632 1423 740 1496 aliutl.
761 1440 852 1504 quom
868 1440 906 1486 ne
932 1440 1107 1504 eorrumpe-
1152 1429 1280 1490 teretur
1293 1425 1404 1504 eulpa,
1420 1427 1539 1490 sierint
1554 1425 1757 1506 minitetur
1771 1434 1934 1508 etpoeno.

234 1537 304 1587 mus
319 1512 391 1594 eius
406 1515 587 1588 praesepto,
603 1509 658 1571 sed
685 1507 806 1588 integro
826 1523 862 1571 ea
878 1522 1048 1582 servemus,
1073 1512 1106 1570 ut
1196 1506 1283 1581 Quod
1299 1509 1436 1590 denique
1452 1510 1539 1574 addis
1556 1555 1564 1584 ,
1581 1509 1811 1574 oonlessionem
1828 1514 2031 1578 auricularem

235 1609 287 1671 ille
301 1591 475 1680 praecepit,
490 1608 553 1654 non
572 1590 765 1656 destinantes
779 1591 817 1652 ad
833 1585 1115 1668 dexteramiieque'
1152 1605 1215 1654 non
1235 1605 1305 1656 esse
1320 1591 1503 1663 maritatam,
1513 1599 1543 1656 et
1558 1591 1795 1658 satisfactionem
1808 1611 1946 1676 pugnare
1960 1613 2030 1658 oum

236 1687 276 1753 ad
290 1679 463 1748 sinistram.
480 1675 589 1752 ttaom
613 1691 643 1738 s.
658 1672 821 1753 Angustia.
844 1671 900 1734 lib.
917 1673 956 1738 de
972 1690 1000 1736 s.
1018 1673 1106 1752 sirpi-
1154 1669 1265 1736 merito
1282 1670 1404 1752 Christi3
1422 1673 1500 1738 dieis
1515 1677 1641 1754 quidem
1656 1723 1664 1750 ,
1681 1679 1736 1739 seri
1754 1693 1814 1740 non
1832 1683 1957 1756 probas.
1974 1679 2031 1744 Le·

238 1772 296 1834 nit.
313 1777 382 1840 eap.
400 1755 452 1820 30.
469 1757 663 1836 distinguens
678 1773 695 1818 a
710 1753 850 1820 eonsiliis
865 1761 1040 1835 praerepta:
1056 1755 1108 1817 ile·
1156 1770 1196 1835 pe
1211 1771 1295 1829 nero,
1312 1757 1337 1818 si
1355 1755 1454 1836 plaeel
1469 1803 1477 1830 ,
1493 1773 1587 1820 serni.
1604 1757 1635 1820 5.
1654 1757 1845 1839 beppoleni
1862 1760 1901 1823 de
1918 1761 2026 1841 lapsis,

240 1865 303 1934 que
317 1843 419 1914 enirn,
435 1838 546 1918 inquit,
561 1841 644 1902 sieut
663 1855 732 1902 uon
746 1836 1046 1902 moeeboberis.oon
1062 1853 1113 1899 oe·
1158 1844 1189 1902 et
1203 1837 1344 1902 inuenies
1360 1839 1600 1920 exomologesim
1618 1842 1824 1904 neeessariam
1841 1890 1849 1918 ,
1867 1849 1898 1906 et
1913 1845 2031 1909 salisia-

241 1933 346 2006 θίασος
359 1925 411 1987 ila
424 1921 491 1989 oiri
502 1928 614 2004 polest,
629 1936 699 1986 nou
712 1921 828 1985 uubeu:
842 1921 903 1984 illo
917 1922 1110 2000 exiperetur.
1158 1921 1341 1984 etionem:et
1355 1920 1410 1986 lias
1426 1923 1510 2002 ipsos
1525 1939 1617 1986 voees
1633 1928 1759 2003 sar-pius
1772 1925 2025 2004 repetitas.l³orro

241 2020 307 2080 isto
321 2008 515 2090 operosum.
528 2003 657 2084 Sr'fiuut
666 2007 741 2080 islo,
757 2003 1018 2078 monumentor·
1029 2004 1113 2082 liunt
1157 2004 1288 2084 pecunia
1304 2002 1410 2066 redimi
1428 2004 1667 2070 satislaetionem
1683 2007 1744 2088 (ne
1756 2009 1832 2071 lorte
1844 2009 1895 2071 lile
1908 2015 2031 2089 turpem

246 2095 540 2170 illonlmrtttonlur:
556 2090 598 2152 lo
611 2090 677 2152 illis
687 2087 844 2151 Dorulaus
859 2086 1111 2164 debitumlmpe·
1156 2087 1290 2165 aliquam
1308 2085 1545 2164 negotiationem
1568 2090 1766 2170 suspiceris)
1789 2091 1867 2154 nibil
1883 2097 1932 2156 est
1946 2093 2031 2157 nliutl

245 2186 300 2244 rot
312 2171 520 2246 molletello
534 2173 565 2236 si
577 2172 659 2251 quid
673 2171 815 2250 emplius
827 2170 928 2250 (Noto)
942 2185 1111 2250 superero·
1156 2169 1237 2246 apud
1254 2167 1422 2232 catholicos
1440 2216 1448 2242 ,
1472 2182 1560 2248 quam
1578 2187 1672 2234 unum
1688 2189 1787 2252 geniis
1809 2175 2028 2240 satislaelionis

244 2256 413 2344 pao-eritis
426 2257 466 2320 in
477 2255 647 2322 redeundo
662 2253 774 2318 reddet
786 2252 886 2317 uobis.
1156 2252 1189 2313 in
1205 2251 1287 2314 allud
1304 2267 1396 2331 posse
1412 2255 1518 2316 moturi
1533 2251 1650 2334 juoieio
1665 2255 1853 2332 sacerdolis3
1869 2264 1902 2319 ut
1915 2258 2029 2338 jeiuni-

639 2417 710 2482 Vffl
824 2379 829 2386 ·
1073 2417 1079 2422 .
1157 2351 1209 2398 um
1224 2330 1255 2397 in
1271 2335 1512 2417 eleemosynam.
1529 2335 1695 2420 Pergamus
1710 2339 1747 2400 ad
1764 2344 1896 2404 eaetera.
1976 2398 1979 2406 .

281 2585 487 2664 uuonpeltoo
497 2585 773 2664 oportunumque
783 2587 909 2665 perlem
919 2583 1117 2648 reuomente·

250 2686 372 2740 coerano
386 2667 517 2733 Domino·
532 2668 680 2732 omnibus
710 2667 900 2731 Christiania
926 2669 1116 2731 ministroru-
1204 2665 1404 2744 booepetton
1419 2667 1713 2750 doceteoujupium
1728 2669 1877 2736 omnibus
1892 2670 2034 2736 bebrini-

250 2761 331 2822 unm
343 2767 424 2827 ease·
441 2753 617 2833 etquidem
630 2751 670 2814 oe
684 2751 785 2814 eolice
810 2765 960 2829 expresse
983 2752 1115 2830 torpuit:
1162 2747 1233 2823 bus,
1250 2747 1342 2811 loier's
1371 2755 1400 2812 el
1414 2750 1633 2814 sacerdotibus
1650 2768 1836 2816 conoessum
1850 2759 1879 2817 el
1894 2754 2032 2820 liberum

250 2838 355 2902 Biblle
369 2851 413 2898 ee
428 2833 487 2900 boe
501 2849 625 2897 opines.
640 2831 802 2912 Poetilieii
829 2849 846 2895 e
869 2841 983 2898 eontra
1010 2834 1118 2897 derer-
1162 2847 1243 2908 essm
1258 2837 1288 2894 et
1302 2832 1420 2896 diserte
1434 2833 1807 2912 tepuuprolitbtriouem
1826 2837 1983 2916 eonjupii,
2002 2845 2031 2902 el

251 2925 352 2987 uum.
369 2923 401 2980 el
414 2916 587 2996 definirml.
1162 2913 1320 2984 eiborum,
1337 2915 1519 2978 doctrinam
1533 2915 1730 2981 diabolicum
1745 2935 1822 2980 esse.
1838 2919 2000 3000 Pontificio·
2015 2937 2032 2986 e

194 3024 195 3027 ¹
294 3002 403 3065 robae
414 3014 477 3060 oon
494 3000 635 3062 rioemns
647 2999 751 3076 lupum
766 2998 851 3061 illuni
880 2999 1040 3078 euangelii,
1058 2997 1111 3062 ubi
1164 3004 1280 3060 contro
1293 3013 1433 3078 mopnue
1446 3000 1536 3078 perti
1549 2998 1738 3076 bominum,
1769 3003 1988 3067 sacerdotibus
2004 3011 2034 3070 el

194 3108 195 3149 i
253 3087 724 3162 doceamur,utranrqueparlem
741 3083 921 3149 sacramenti
938 3081 1120 3145 eoenaello·
1164 3078 1539 3162 mouoeltiseoop'upium
1553 3083 1744 3162 prohibent,
1763 3091 1792 3146 et
1806 3086 1899 3148 cortu
1914 3086 2029 3151 diebus

255 3169 330 3230 mini
347 3163 492 3227 omnibus
512 3153 693 3228 Christianis
712 3165 944 3226 ministrandum
959 3179 1042 3228 esse.
1058 3163 1120 3227 Nee
1165 3179 1189 3224 u
1204 3164 1296 3226 certis
1311 3162 1389 3236 eibt's
1405 3163 1564 3231 obstinere
1573 3165 1702 3245 jubent.

255 3252 337 3314 enim
350 3248 390 3309 de
401 3247 499 3309 oaliue
514 3247 660 3308 Dominus
674 3247 726 3307 ait:
752 3246 849 3308 llibite
875 3262 912 3307 ex
940 3249 996 3308 boe
1012 3263 1121 3310 omnes
1206 3245 1243 3307 Al
1258 3245 1312 3308 ubi
1329 3293 1337 3322 ,
1354 3259 1469 3325 quaeso
1486 3293 1495 3324 ,
1512 3249 1704 3328 evangelium
1720 3249 1828 3324 docet,
1846 3265 2031 3316 conoessum

256 3327 432 3399 christiani,
445 3328 514 3400 seul,
529 3328 632 3391 Bibite
646 3344 689 3391 eu
703 3329 762 3392 ltoe
778 3344 907 3404 onlnem
920 3331 972 3408 qui
984 3345 1057 3392 uero
1072 3344 1122 3391 es·
1165 3328 1345 3408 eonjugium
1360 3343 1430 3392 esse
1446 3327 1553 3410 iisqui
1564 3335 1668 3392 nolum
1680 3331 1886 3394 eontinenliue
1900 3333 2031 3398 babenti

254 3421 326 3478 sent
340 3411 387 3473 illi
401 3425 519 3474 omnes.
535 3411 652 3472 itureos
662 3412 833 3491 explicuit,
856 3427 925 3481 eum
941 3411 1069 3473 addidit·
1081 3410 1122 3476 bt
1165 3407 1342 3474 fortassean
1356 3411 1448 3475 llebr.
1464 3412 1513 3475 tl.
1525 3413 1577 3475 ubi
1591 3412 1734 3492 legimus:
1747 3413 1942 3478 Honorabilo
1955 3434 2033 3482 eon·

193 3520 195 3549 i
256 3497 410 3561 biberunt
422 3511 465 3558 eor
483 3494 542 3557 illo
564 3508 685 3557 omues.
715 3491 781 3556 lion
802 3500 903 3558 autem
927 3493 1118 3557 biberuoto·
1158 3489 1518 3570 iupiumluomnlous.
1542 3494 1714 3566 Caeterum,
1732 3497 1758 3558 si
1783 3498 2032 3564 inomuibuao·

195 3610 196 3619 κ
258 3595 345 3643 mnes
362 3575 539 3648 curistiani,
552 3576 607 3638 sed
622 3591 730 3640 omues
744 3576 885 3658 apostoli,
898 3579 952 3658 qui
964 3577 1027 3642 soli
1046 3582 1120 3641 tune
1164 3575 1537 3640 mnesomoinobontnes
1551 3578 2033 3656 eomprehentti,nonoraoiteer·

257 3679 327 3728 eum
341 3659 474 3723 Domino
486 3658 699 3724 vescebantur.
1163 3656 1223 3720 iam
1245 3658 1311 3722 ,erit
1326 3657 1501 3740 coniugium
1517 3659 1550 3722 io
1563 3667 1651 3740 patre
1663 3667 1694 3724 et
1706 3662 1780 3738 lllia3
1797 3661 1828 3724 in
1846 3669 1940 3726 niulre
1956 3671 1986 3726 et
1997 3665 2031 3728 ll·

1161 3736 1218 3818 lio;
1235 3741 1264 3810 in
1288 3741 1376 3804 lralre
1389 3749 1419 3804 et
1433 3759 1550 3806 sorore:
1568 3744 1614 3806 rel
1630 3745 1655 3807 sl
1673 3744 1731 3808 hoe
1744 3745 1829 3806 robis
1843 3763 1903 3808 non
1918 3747 2029 3828 planet,

665 3823 717 3887 tlt.
1164 3837 1227 3886 non
1243 3823 1360 3900 pluebat
1386 3825 1476 3887 etiam
1504 3825 1684 3890 honorabile
1712 3827 1827 3889 debere
1853 3833 2031 3912 eonjugium

1164 3904 1226 3967 diei
1240 3905 1320 3968 inter
1336 3909 1517 3970 munoebum
1541 3913 1571 3970 et
1586 3908 1861 3984 sanctimonialem,
1885 3920 1917 3972 et
1930 3922 2031 3976 eoele-

297 3990 505 4070 b'uonpelioo
518 3989 609 4053 tloeet
625 4005 764 4062 ,fueram
775 3989 1036 4070 poenitentiam,
1062 4005 1121 4054 eeu
1163 4003 1215 4049 ros
1232 3989 1384 4062 nominee,
1401 3989 1515 4070 nutibus
1531 4005 1585 4069 per
1613 3998 1716 4054 notum
1746 3993 1924 4074 eoiijugium
1951 3997 2031 4060 inire

256 4071 672 4139 eouuenlooemoolleruu
686 4073 884 4136 emesenum
896 4073 1040 4138 dolorem
1051 4089 1120 4136 eor·
1163 4081 1225 4134 non
1247 4071 1329 4134 lieet.
1347 4071 1509 4151 Apostolus
1525 4075 1606 4136 enim
1636 4073 1667 4136 id
1689 4074 1791 4136 solum
1818 4077 1943 4144 rultml
1957 4095 2032 4142 eon·

257 4159 306 4221 elib
321 4159 361 4222 tle
373 4155 526 4220 odmbut‘s
538 4156 690 4235 peeeolr'a,
705 4160 734 4218 et
746 4152 1121 4234 fidemstuluentemor'bi
1160 4151 1281 4233 junium
1296 4154 1484 4219 honoremus
1499 4155 1531 4218 in
1546 4155 1689 4219 omnibns
1703 4160 1760 4220 rite
1783 4163 1813 4218 et
1827 4158 1963 4237 legitime
1980 4177 2031 4221 eo·

252 4246 387 4319 peeeoto
402 4243 533 4318 propter
550 4237 708 4302 Christum
722 4245 807 4302 certo
827 4241 948 4303 remitti
963 4246 1021 4304 ete.
1038 4241 1123 4306 Poro.
1163 4237 1289 4317 putatis.
1318 4235 1412 4302 Vobis
1434 4245 1536 4301 nutem
1562 4240 1753 4318 probandum
1780 4249 1948 4318 superest.
1973 4243 2030 4306 n'le

253 4321 345 4400 lipsii
357 4326 485 4394 eontra,
509 4324 568 4384 elsi
581 4322 805 4386 remptionem
825 4323 911 4387 letter
922 4330 1030 4403 portes
1043 4339 1118 4404 poe·
1164 4325 1194 4381 et
1209 4319 1344 4399 legitime
1360 4337 1416 4384 eos
1431 4321 1578 4400 populari,
1594 4322 1647 4401 qui
1662 4328 1841 4403 perpetuam
1869 4325 2031 4389 eontinen-

254 4408 413 4470 otteurtoe
426 4411 628 4468 nemereus.-
651 4409 760 4469 teroeu
784 4405 870 4468 boue
893 4407 1121 4472 remissionem
1164 4404 1234 4473 uun
1249 4402 1314 4468 lieo
1330 4409 1487 4466 rorerunr.
1795 4445 1797 4450 -

254 4496 467 4566 peecatorum
476 4488 595 4550 mereri
607 4485 747 4568 inpune
763 4494 792 4551 et
806 4489 935 4554 eduum
949 4489 1118 4568 conluuio·
1203 4485 1279 4565 ludi
1295 4484 1556 4567 chrysostomum,
1574 4485 1646 4568 quid
1663 4486 1824 4551 Theodoro
1850 4489 2027 4568 monaebo,

255 4585 332 4636 uem
347 4569 573 4635 ouueulorern
585 4585 655 4634 uuo
674 4571 869 4635 morientum
893 4589 916 4636 o
931 4573 1012 4648 ilem
1028 4581 1056 4635 et
1068 4589 1120 4634 ao·
1162 4570 1214 4650 qul
1230 4583 1355 4632 uxorem
1371 4567 1484 4633 daeere
1500 4568 1630 4640 rotabat,
1647 4571 1694 4632 rel
1710 4569 1838 4634 tortasse
1867 4572 1959 4634 etism
1974 4573 2030 4634 ilii·

258 4655 484 4732 tissoelt'ortern,
501 4669 559 4716 seu
573 4669 676 4733 opero
687 4653 844 4726 indebito,
861 4655 979 4734 quibua
990 4669 1050 4733 pro
1066 4670 1118 4716 oe·
1161 4659 1259 4726 xerat,
1273 4650 1385 4714 scribat
1401 4652 1431 4714 in
1449 4651 1538 4730 epist.
1556 4651 1586 4714 b.
1599 4651 1821 4722 Honorabiles.
1839 4654 1950 4735 inquit,
1966 4670 2029 4718 mu·

257 4740 356 4801 ternio
371 4743 577 4816 peecatorum
590 4735 705 4814 poeuis
717 4733 869 4813 satisfieri
885 4784 891 4808 ,
909 4744 938 4800 et
952 4737 1030 4800 bueo
1043 4735 1119 4815 ipso
1161 4735 1323 4814 ptioesetl
1336 4740 1365 4795 le
1375 4733 1449 4812 pom
1459 4749 1589 4798 perorare
1609 4750 1678 4799 uon
1692 4737 1841 4800 eortueuit
1854 4737 2029 4818 priuilepin

254 4835 349 4896 posse
362 4819 512 4900 poenalis
524 4818 645 4880 redimi
656 4814 796 4896 fiopurtt.
821 4815 909 4892 Quae
919 4826 985 4884 tolo
1000 4821 1116 4884 metri·
1160 4819 1366 4899 ortptiortun:
1383 4817 1530 4898 quamuis
1544 4818 1731 4898 frequenter
1758 4820 1816 4880 ltoe
1841 4819 1951 4898 ipsum
1964 4836 2028 4900 nu·

256 4905 353 4967 noire
362 4902 514 4967 meritum
527 4899 606 4962 llll-t
618 4899 686 4962 Dei.
703 4901 760 4980 oui
782 4902 870 4968 solur
898 4919 958 4984 pro
977 4905 1117 4984 peeeottr
1158 4901 1358 4980 primooees,
1374 4915 1429 4981 epo
1443 4906 1553 4965 tumere
1566 4901 1726 4964 oouueriu
1742 4901 1827 4966 iliutl
1838 4901 1933 4981 pejus
1956 4905 2027 4968 eol·

257 4987 377 5048 nostris
391 4984 556 5062 satisfecit,
572 4981 772 5062 blasphemio
782 4990 837 5048 eol.
1047 5009 1050 5014 ¹
1160 4985 1266 5048 slimo.
1283 4981 1327 5044 lle
1342 4983 1411 5047 loeo
1426 4984 1567 5065 apostoli,
1587 4983 1764 5070 irlimotb.
1778 4983 1809 5047 l.
1823 4982 2028 5050 Prohibeulee

296 5067 352 5131 Hie
365 5068 438 5130 nibil
450 5067 586 5145 probari,
602 5066 685 5128 nulla
700 5069 872 5132 testimonio
898 5065 1046 5148 euangelii
1062 5069 1114 5132 ad·
1160 5066 1283 5132 nubere
1298 5070 1356 5129 ele.
1373 5065 1441 5130 ride
1457 5084 1542 5148 quaa·
1550 5066 1682 5130 diximus
1694 5083 1801 5147 supra,
1818 5083 1886 5148 esp.
1901 5066 2025 5150 2l.pro·

256 5147 341 5217 lerri.
358 5159 476 5213 tantum
490 5149 590 5212 inania
607 5149 696 5211 rerba
711 5151 880 5217 mendaeiis
903 5152 1032 5215 admixta
1049 5151 1116 5214 lun·
1160 5166 1200 5231 pe
1222 5147 1327 5214 [luem.
1810 5199 1813 5206 .

255 5231 286 5292 di
302 5233 401 5295 rideo.
414 5233 488 5296 Naro
503 5232 584 5310 quod
597 5231 675 5294 dieis
689 5233 729 5294 de
741 5237 941 5299 conversione
958 5281 965 5311 ,
989 5242 1019 5298 et
1033 5235 1116 5298 serio

255 5313 362 5378 dolore
378 5316 490 5389 eordis,
507 5316 646 5380 omittere
662 5317 827 5392 potuisses.
850 5317 909 5380 llos
938 5317 1019 5382 enim
1044 5331 1116 5381 tero
1571 5313 1624 5378 xl.

255 5399 502 5465 conversionem,
517 5403 547 5460 et
561 5396 675 5460 serium
686 5398 824 5463 dolorem
838 5402 940 5464 eorois
962 5399 993 5462 in
1007 5399 1114 5482 poeni·

256 5479 393 5543 tentibus
406 5481 603 5560 requirimus;
619 5493 688 5541 euru
704 5496 757 5544 ros
785 5483 859 5544 nibil
888 5481 992 5557 aliud,
1022 5497 1115 5563 quom
1162 5478 1173 5495 ⁶
1199 5479 1402 5562 Eumtpeliort
1415 5481 1625 5550 doeelnmum
1640 5497 1706 5544 esse
1720 5479 2029 5548 oerumelsolldum

256 5561 361 5625 neseio
374 5580 452 5641 quos
467 5571 599 5626 terrores
615 5579 669 5641 pro
681 5565 862 5630 contritione
873 5565 1112 5634 babeatistiuoo
1158 5561 1526 5645 mmorteirtumsupro
1541 5565 1629 5645 quod
1640 5561 1814 5640 poemenio
1827 5563 1869 5625 sil
1883 5563 2028 5632 beciano

257 5644 342 5708 addis
358 5645 397 5708 de
412 5643 473 5710 ilde
487 5652 639 5709 statuente
655 5648 745 5712 nobis
756 5649 867 5711 remitti
882 5656 1113 5729 peecatasupra
1159 5643 1227 5722 bot,
1248 5648 1406 5718 videlieet,
1431 5645 1605 5710 Dominum
1628 5653 1776 5710 noslrttm
1802 5643 1912 5709 Iesum
1938 5647 2028 5713 Chri·

258 5725 420 5790 reiutotum
434 5737 492 5794 est.
509 5727 596 5802 Quod
611 5728 667 5803 ais,
696 5731 775 5809 apud
804 5729 979 5796 Pontifleios
1003 5730 1114 5794 eonlri·
1157 5735 1253 5800 aloru,
1275 5731 1303 5791 l.
1322 5729 1390 5792 Cor.
1408 5728 1436 5790 l.
1455 5731 1518 5791 let.
1535 5729 1567 5790 l.
1599 5733 1629 5791 el
1649 5729 1755 5792 loeum
1770 5727 1873 5792 llaltb.
1893 5729 1943 5792 lb.
1963 5731 2026 5795 ilu-

259 5811 369 5874 ltonem
386 5813 495 5876 mereri
511 5811 724 5877 remissionem
748 5820 965 5894 poeoniorum,
988 5813 1112 5877 mentia·
1157 5813 1367 5891 perliberalis
1381 5811 1631 5892 interpretetur,
1654 5827 1753 5890 super
1767 5811 1852 5876 berte
1865 5816 1991 5890 petrem
2008 5863 2014 5887 ,

260 5891 337 5955 eium
352 5899 410 5965 est,
426 5911 519 5976 supra
534 5897 623 5956 eliam
639 5896 900 5974 refutatum.Quod
915 5897 1006 5962 eliam
1022 5896 1111 5968 rlleis,
1159 5910 1258 5974 quom
1273 5895 1448 5974 eopuout'ati
1461 5895 1584 5957 diserto.-
1599 5893 1644 5956 Pu
1655 5909 1687 5955 es
1701 5892 1841 5958 Christus
1852 5891 1956 5956 l‘iliua
1971 5897 2029 5962 tter·

259 5971 431 6041 lontibelos
451 5981 556 6042 uicere
572 6024 580 6054 ,
608 5979 865 6043 satislaelionibus
892 5978 1112 6059 temporalibus
1157 5977 1233 6053 alui,
1250 5977 1309 6040 lroe
1325 5984 1380 6049 eal,
1395 5991 1494 6056 suuper
1507 5977 1666 6056 meipsum
1681 5974 1804 6054 Filium
1819 5977 1876 6040 ileu·
1889 5977 1957 6041 uiui
1970 5995 2026 6042 oe·

259 6072 311 6134 pro
326 6063 434 6138 poenis
449 6063 582 6126 aeternis
595 6061 737 6126 satisfieri
754 6109 762 6140 ,
778 6063 893 6146 pariter
916 6072 964 6128 est
990 6061 1111 6128 mentia·
1157 6057 1295 6138 elpram
1311 6059 1487 6124 beatotum
1499 6075 1619 6140 mooun
1640 6076 1740 6138 super
1763 6075 1814 6124 nae
1842 6057 2022 6140 oedificabo

333 6157 504 6217 lemurum.
526 6159 591 6219 lloe.
605 6161 627 6219 l.
1700 6157 1736 6218 60
