4792 7009
1009 724 1105 791 usta
1123 724 1277 795 ulturus
1896 726 1950 787 Μ

191 876 192 921 l
256 864 420 933 conciliata
433 862 616 931 intolerabili
631 880 760 939 erroro,
782 864 1113 946 etlnpotenunraun·
1159 876 1304 925 masuras
1317 858 1483 933 nonlaeile
1496 858 1796 941 acquievissentnisi
1810 858 1904 925 etlam
1917 859 2020 925 Houo·
2062 904 2064 907 ψ

256 966 340 1015 rasse
357 965 366 1009 ι
387 956 417 1013 at
431 949 493 1013 hoc
505 948 675 1013 seeundum
697 964 736 1011 ne
752 947 898 1013 baeretici
917 948 1042 1029 quidem
1056 966 1113 1013 uu·
1159 944 1237 1019 rius,
1253 943 1529 1023 damnaretur,.qui
1542 960 1604 1007 uua
1617 959 1687 1009 curu
1702 942 1765 1009 illis
1778 951 1941 1011 aecusatus
1954 944 2021 1008 lue·

191 1046 192 1059 ¹
280 1048 346 1095 uam
362 1031 503 1097 dixerunt
517 1048 527 1109 ς
549 1046 623 1111 erqo
636 1030 801 1097 dicendum
816 1036 864 1095 est
878 1031 952 1095 illud
967 1030 1111 1111 primum.
1158 1034 1216 1093 rat.
1231 1028 1330 1108 Atque
1345 1027 1423 1090 baec
1436 1027 1476 1099 de
1491 1025 1629 1091 meando
1643 1032 1835 1107 argumento.

191 1150 192 1167 r
256 1050 319 1179 §aa
334 1116 471 1193 potuisse
486 1119 586 1179 autem
601 1112 1043 1179 conciliumsiue'iulolembill
1057 1113 1112 1177 ina·
1196 1108 1242 1174 dd
1256 1110 1379 1173 tertium
1393 1107 1765 1189 respoudeotPatraslll.
1781 1107 2020 1190 spnodimquu·

255 1198 401 1279 pudentia
416 1204 447 1261 al
460 1212 563 1261 errore
577 1196 722 1261 damnare
737 1196 903 1261 Honorium
916 1213 970 1275 pro
984 1197 1113 1261 baereli·
1157 1196 1205 1255 tos
1216 1207 1288 1257 esse
1299 1194 1453 1275 synodum
1464 1191 1734 1263 sextametsolum
1746 1191 1926 1271 repetivisse
1937 1190 2021 1271 quod

257 1297 307 1351 co,
321 1280 395 1347 inde
410 1280 627 1359 constatquod
643 1296 703 1341 non
719 1278 825 1341 babuit
839 1278 1002 1343 concilium
1017 1280 1114 1343 ullum
1157 1273 1190 1337 in
1203 1291 1239 1337 ea
1253 1277 1400 1356 tegerone
1411 1274 1539 1351 proinde
1552 1276 1699 1353 deceptos
1713 1273 1810 1337 luisse
1823 1290 1861 1337 ex
1874 1280 1959 1337 sexta
1970 1289 2022 1354 ap·

254 1358 403 1427 indicium
418 1364 559 1433 haeresis
569 1360 706 1436 Honorii,
717 1361 776 1423 nisi
791 1376 829 1425 ex
843 1361 981 1440 epistolis
995 1361 1114 1443 eiusad
1158 1356 1251 1428 nodo,
1267 1375 1347 1437 quaa
1360 1358 1409 1421 rel
1423 1363 1564 1438 conopia
1579 1362 1662 1432 erat,
1677 1356 1727 1420 rel
1740 1372 1797 1437 per
1811 1371 1946 1421 onorem
1959 1356 2020 1420 Ho·

253 1445 464 1522 Sergiummbi
478 1443 631 1507 Honorius
645 1442 860 1524 probibet,dioi
875 1444 1026 1507 anamael
1038 1444 1114 1509 duas
1166 1440 1287 1503 narium
1301 1442 1506 1505 damnauerat.
1894 1491 1896 1494 .

253 1530 284 1591 in
301 1526 423 1591 carisio
437 1528 684 1607 operationesmt
698 1526 846 1607 epistolae
860 1526 931 1590 illae
945 1525 1115 1591 clarissima
1203 1522 1249 1585 dd
1262 1530 1402 1602 quartum
1417 1520 1604 1602 respondeo.
1619 1520 1807 1585 Hadrianum
1818 1536 1889 1584 curu
1904 1518 2026 1601 syuodo

254 1609 585 1685 testantor‚Honorium
599 1608 737 1673 sensisse
751 1608 946 1683 etdocuisse,
956 1610 1033 1673 duas
1044 1624 1115 1673 essa
1158 1620 1284 1669 romana
1305 1622 1367 1667 non
1383 1612 1486 1685 aperte
1501 1606 1605 1669 dicero
1621 1652 1631 1677 ,
1648 1604 1818 1667 Houorium
1836 1603 1935 1667 luisse
1948 1602 2023 1668 baa·

191 1724 192 1743 κ
254 1694 287 1757 in
302 1690 423 1757 Christo
438 1692 644 1771 operationes,
660 1696 691 1757 el
705 1692 804 1755 solum
819 1692 954 1757 voluisse
970 1690 1116 1756 abstineri
1158 1688 1287 1751 relicom
1304 1734 1312 1756 ,
1329 1688 1384 1753 sed
1399 1689 1500 1751 solum
1514 1688 1631 1751 dietum
1650 1688 1680 1750 ei
1694 1686 1792 1749 luisse
1806 1686 1966 1749 aoatbcam
1982 1685 2022 1749 ab

256 1794 273 1839 a
289 1775 466 1839 numinibus
482 1774 545 1839 illis
560 1773 670 1846 Hnitu,
686 1773 919 1849 vallissorum,
936 1776 973 1841 att
989 1774 1115 1839 seanda-
1159 1770 1373 1842 orientalibus,
1390 1770 1461 1851 quia
1477 1771 1516 1833 de
1531 1768 1652 1835 haeresi
1666 1768 1763 1833 luerat
1777 1775 1951 1833 accusatus.
1963 1766 2024 1833 tibi

255 1859 321 1921 lum
338 1857 504 1920 tollendum
522 1902 531 1929 ,
546 1862 577 1920 et
598 1861 825 1920 contentionem
845 1857 1026 1921 sedandam.
1049 1854 1115 1921 Nou
1159 1853 1280 1917 ridetur
1306 1852 1604 1929 Hadrianusideirco
1628 1851 1744 1915 dixisse
1758 1850 1798 1915 ab
1819 1850 2023 1917 orientalibus

257 1946 473 2020 potestantem
486 1939 623 2003 damnari
639 1955 695 2018 pro
706 1939 930 2018 bacreiioompi
941 1956 1007 2003 rem
1017 1937 1117 2018 ipsam
1161 1935 1444 1999 anatuemauaatom
1458 1935 1626 1999 Honorium
1638 1934 1748 2009 luisse,
1765 1933 1836 2013 quia
1851 1932 2022 2008 sciebat,ab

256 2020 418 2088 confltetur
434 2066 443 2098 ,
459 2020 533 2085 licet
545 2036 659 2085 nomeu
675 2020 812 2100 justane
825 2038 935 2085 caussa
955 2022 1118 2087 arbitretur
1161 2018 1416 2091 occidentalibus,
1431 2017 1530 2092 idest,
1546 2034 1564 2081 a
1579 2017 1710 2081 coucdio
1723 2032 1751 2079 s.
1767 2016 1885 2080 ilartlni
1902 2032 1964 2080 non
1979 2016 2026 2079 lu·

255 2104 432 2175 tacendum,
445 2104 624 2183 praesertim
637 2109 707 2167 anta
728 2102 1117 2169 delinitiuuemHoelesiae.
1162 2102 1227 2163 isse
1246 2100 1543 2163 anathematizatum.
1564 2098 1690 2163 Addidit
1703 2105 1806 2163 autom
1827 2098 2024 2171 Hadrianus,

255 2187 375 2265 Alioqui
387 2186 623 2267 b.Hieroupmus
634 2192 740 2264 posset
751 2184 815 2267 jam
825 2186 962 2251 damnari
976 2203 1032 2266 pro
1046 2186 1118 2251 bae·
1163 2182 1254 2247 etiam
1269 2184 1301 2245 in
1315 2198 1422 2247 caussa
1433 2180 1561 2245 Honorii
1574 2197 1634 2243 uon
1647 2181 1847 2265 luisseausos
1858 2180 2026 2245 orientales

256 2270 450 2349 retium-qula
466 2268 496 2331 in
512 2269 604 2348 epist.
620 2269 662 2331 ad
673 2268 795 2333 Hamas.
811 2270 953 2342 censuit,
969 2286 1118 2333 amessa
1162 2265 1345 2331 seutentiam
1365 2264 1470 2327 dicere
1484 2264 1515 2327 in
1530 2262 1697 2326 Honorium
1715 2309 1723 2336 ,
1740 2262 1802 2325 nisi
1817 2279 1961 2326 romanae
1978 2279 2027 2329 se·

257 2352 405 2415 dicendas
420 2352 451 2413 ln
466 2350 530 2418 Deo
545 2357 607 2413 tres
620 2350 813 2431 hypostases,
830 2351 920 2433 cujus
934 2352 1119 2417 eontrarium
1162 2348 1212 2411 dis
1232 2362 1405 2411 consensus
1420 2346 1642 2424 praecessisset
1658 2392 1666 2419 ,
1690 2345 1760 2424 quia
1776 2345 1895 2409 sciebat
1908 2347 2027 2427 legatos

258 2440 367 2515 postea
382 2451 445 2497 non
460 2432 556 2497 semel
571 2432 710 2497 Ecclesia
722 2432 871 2507 delinivit.
1162 2429 1330 2508 Apollonis
1344 2430 1544 2493 consensisse
1557 2431 1586 2490 in
1599 2428 1825 2491 damnationem
1836 2427 2028 2491 Houoriidt·

303 2516 434 2582 accedat
446 2524 614 2595 postremo,
630 2516 711 2595 quod
727 2514 758 2579 iu
774 2517 906 2579 concilio
920 2531 1044 2580 rumano
1058 2516 1120 2579 lre·
1163 2528 1224 2591 quc
1246 2515 1322 2575 inec
1335 2513 1459 2592 quidem
1474 2511 1616 2584 dicimus,
1634 2511 1661 2573 si
1676 2510 1881 2573 delendantur
1892 2515 1959 2573 acia
1976 2510 2027 2574 ll.

259 2598 562 2677 quentisslmoqood
576 2598 762 2661 celebratum
776 2605 826 2661 est
840 2617 856 2661 a
871 2604 978 2663 sancto
992 2598 1120 2663 ilarliuo
1162 2594 1286 2675 synodi,
1298 2602 1440 2674 tanquam
1455 2593 1586 2675 integra:
1597 2609 1667 2655 num
1681 2593 1709 2653 si
1723 2593 1862 2655 dicamus
1877 2608 1948 2657 esse
1959 2608 2027 2657 cor·

255 2678 283 2743 1.
300 2698 379 2760 papa
393 2688 425 2747 et
438 2687 580 2759 martyre,
596 2685 666 2743 ante
680 2680 849 2760 synodum,
866 2681 905 2746 da
921 2682 977 2743 bac
990 2680 1056 2761 ipsa
1071 2696 1120 2744 ca·
1163 2683 1251 2756 rupta
1268 2723 1276 2746 ,
1293 2678 1544 2756 respondendum
1557 2677 1616 2739 erit
1631 2693 1640 2753 3
1663 2674 1848 2739 Hadrianum
1863 2674 2028 2756 deceptum

257 2780 331 2825 ussa
348 2763 612 2829 Honotbelitarum
625 2762 758 2833 damnati
773 2769 846 2827 sunt
860 2762 1036 2827 nominatim
1052 2763 1121 2827 Ser·
1162 2758 1260 2825 luisse
1274 2775 1312 2823 ex
1326 2760 1495 2839 depraratis
1509 2758 1571 2821 illis
1586 2758 1664 2823 aclis
1677 2756 1729 2819 ri.
1740 2758 1864 2837 synodi.

256 2846 349 2921 pins,
366 2844 483 2924 Cyrus,
500 2846 632 2923 Pyrrhus
663 2852 694 2907 et
709 2846 819 2909 Paulas
836 2864 845 2906 ε
875 2844 1000 2909 Honorii
1016 2852 1119 2911 autem
1206 2842 1307 2906 Hices:
1323 2843 1360 2905 dt
1373 2848 1456 2907 certo
1471 2841 1668 2905 crediderunt
1682 2840 1739 2903 ista
1754 2839 1898 2909 concilia,
1914 2856 2026 2919 papam

257 2929 345 2991 nulla
362 2928 476 2991 mendo
489 2926 566 2990 lacta
587 2932 646 2991 est.
662 2927 722 2991 llao
738 2934 838 3007 potest
852 2928 911 2991 boc
926 2929 1017 2993 tribui
1030 2944 1120 2993 acce·
1165 2940 1267 2991 errare
1280 2940 1457 3003 pessumum
1472 2922 1638 2987 Honorium
1654 2922 1842 2987 haereticum
1853 2921 1950 2985 luisse
1961 2938 2027 2987 erc·

256 3008 355 3088 plicui
370 3024 658 3089 personarumuum
672 3016 779 3074 essent
790 3011 833 3073 illi
843 3011 981 3091 episcopi
993 3011 1121 3088 sanctis·
1164 3006 1309 3071 diderint.
1325 3007 1521 3087 Respondeo:
1538 3005 1713 3072 credidisse
1728 3005 1829 3068 solum
1841 3020 1896 3069 eos
1910 3004 2027 3080 Patres,

191 3116 194 3159 r
256 3092 328 3154 simi
345 3091 425 3155 riri:
448 3097 479 3155 el
498 3092 665 3171 praecipue
685 3092 899 3168 silantinus,
922 3094 974 3172 qui
988 3094 1120 3157 concilio
1164 3107 1273 3171 papam
1290 3106 1390 3151 errare
1405 3105 1498 3169 posse
1513 3096 1545 3153 ut
1557 3089 1706 3169 priratum
1717 3088 1969 3169 bominem,quoe
1980 3095 2030 3160 est

257 3174 455 3253 praesidebat
475 3174 689 3239 multominus
705 3174 795 3239 tribui
817 3182 918 3253 petest
932 3175 1120 3256 ignorantiae
1164 3172 1269 3251 opinio
1283 3172 1452 3251 probabilis
1468 3218 1476 3248 ‚
1493 3171 1632 3251 quamvis
1653 3170 1803 3234 contraria
1819 3170 1957 3233 rideatur
1971 3186 2026 3233 no·

191 3328 192 3335 ἶ
257 3256 484 3319 autoblirioui.
511 3256 686 3330 Quisenim
712 3258 822 3321 melius
847 3258 930 3321 norit
954 3264 1121 3338 resgestas
1164 3251 2028 3335 bisprobabilior:idenimestdequoaaousaturHo·

256 3337 449 3418 pontificum,
465 3353 557 3417 quam
572 3353 678 3401 eorum
693 3340 907 3403 successores?
922 3339 954 3403 Si
969 3340 1117 3419 igiturro·
1164 3339 1282 3411 uorius,
1298 3340 1380 3416 quod
1395 3337 1519 3415 priratis
1534 3337 1631 3402 literis
1645 3334 1799 3399 haeresim
1812 3334 1934 3398 lorerit.

258 3438 347 3483 mana
362 3419 498 3501 synodus
516 3436 579 3483 uon
594 3419 744 3485 damnarit
756 3419 924 3485 Honorium
940 3468 951 3497 ,
974 3436 1053 3502 quoe
1068 3423 1120 3485 lia⁴
1205 3420 1251 3483 ad
1266 3421 1404 3499 quintum
1420 3421 1500 3483 dico:
1510 3417 1626 3483 Canum
1639 3419 1690 3481 bis
1704 3432 1806 3481 errare
1820 3416 1852 3480 in
1864 3418 1925 3480 boe
1938 3433 2028 3498 arqu-

256 3502 326 3565 buit
340 3505 525 3583 autograplra
545 3504 743 3583 epistolarum
764 3504 834 3585 ejus
850 3550 858 3581 ‚
876 3512 907 3568 et
922 3511 1016 3568 testes
1035 3504 1120 3569 rivos
1164 3508 1279 3565 mento.
1303 3502 1460 3577 Primum,
1483 3519 1553 3565 cum
1565 3503 1631 3574 ait,
1654 3500 1845 3578 dpatlrooem
1866 3499 2027 3563 anatliema

192 3664 193 3669 ἵ
256 3586 420 3651 uerborum
442 3592 473 3649 et
487 3585 632 3649 laetorum
655 3585 778 3665 ipsius;
799 3588 954 3665 quomodo
967 3586 1117 3651 credibile
1162 3586 1279 3649 dixisse
1293 3584 1437 3661 Honorio;
1454 3583 1721 3665 nusquamenim
1741 3582 1802 3643 boc
1827 3582 1859 3645 lu
1885 3581 2029 3659 epistolis

257 3674 308 3729 est
325 3714 333 3733 .
351 3666 400 3729 ll.
416 3668 568 3748 spnodnm
588 3669 619 3729 id
634 3669 781 3731 lecturam
802 3670 899 3733 luisse
914 3686 952 3733 ex
965 3671 1041 3735 solis
1055 3673 1118 3751 epi·
1164 3667 1331 3749 agathonis
1342 3668 1505 3731 invenitur.
1515 3666 1576 3731 Sed
1588 3665 1690 3730 Canus
1701 3664 1850 3744 deeeptus
1862 3664 1982 3727 ridetur
1993 3681 2032 3728 ex

191 3766 192 3773 ¹
257 3748 366 3813 stolis?
518 3813 520 3824 ,
562 3776 565 3789 ·
1014 3802 1016 3809 .
1165 3766 1285 3814 summa
1300 3749 1512 3814 conciliorum:
1530 3766 1599 3812 nam
1611 3755 1718 3812 auctor
1730 3746 1873 3809 Summae
1885 3747 2032 3811 concilio·

300 3830 389 3905 Quod
403 3830 431 3894 si
445 3830 556 3909 aliquis
570 3831 670 3895 minue
685 3848 746 3895 nou
762 3832 860 3910 possit
873 3832 995 3905 adduci,
1008 3839 1041 3897 ut
1055 3849 1119 3896 cre·
1162 3849 1232 3897 rum
1246 3838 1349 3895 contra
1360 3832 1452 3897 lldem
1465 3833 1598 3912 ipsarum
1610 3830 1903 3909 epistolarum,quae
1914 3830 2031 3893 baben·

191 3934 192 3937 ¹
256 3914 312 3977 dat
327 3920 498 3993 corruptam
511 3928 584 3977 essa
598 3914 648 3977 ll.
663 3914 813 3995 synodum
830 3933 840 3993 3
861 3915 887 3978 is
902 3917 1032 3995 accipiat
1045 3918 1119 3987 alto·
1165 3922 1214 3978 tur
1224 3916 1361 3995 integrae
1374 3914 1406 3977 io
1421 3913 1623 3979 conciliorum
1643 3921 1717 3975 torn.
1745 3912 1776 3986 2,
1802 3912 1887 3974 addit
1914 3928 2029 3977 nomen

257 4013 326 4059 ram
342 3998 538 4066 solutionem,
551 4012 630 4077 quae
644 4005 693 4058 est
704 3995 831 4061 Joaunis
846 4016 862 4059 a
878 3997 1118 4075 turrecremata,
1164 3996 1303 4061 Houorii.
1315 3998 1433 4062 Deinde
1447 4014 1519 4061 cum
1531 3996 1585 4069 ait,
1613 3997 1691 4057 bauo
1713 3994 1878 4073 epistolam,
1899 3995 2029 4074 Agatho·

259 4079 317 4142 lib.
335 4080 366 4141 2.
383 4079 422 4142 dc
436 4079 556 4144 Erotes.
571 4096 641 4159 cap.
657 4078 764 4161 liqui
779 4081 986 4151 concreatus
999 4080 1049 4143 vt.
1072 4096 1121 4159 sq·
1167 4081 1216 4143 nis
1230 4080 1374 4158 scriptam
1385 4097 1457 4144 esse
1482 4082 1519 4143 ad
1541 4077 1707 4141 concilium
1735 4083 1933 4139 sextumznou
1948 4076 2031 4139 enim

257 4162 335 4223 nodi
350 4163 513 4225 damnasse
527 4162 651 4241 quidem
666 4162 845 4235 Honorium,
861 4164 916 4225 sed
933 4179 969 4225 ex
987 4163 1059 4227 lalsa
1075 4164 1122 4225 in·
1167 4164 1205 4226 ad
1221 4164 1395 4239 concilium,
1414 4164 1468 4226 sed
1495 4162 1532 4225 ad
1564 4162 1780 4241 imperatorem
1807 4158 1941 4238 scriptae
1958 4166 2032 4223 sunt

191 4290 192 4299 ,
257 4244 492 4316 lormalioueae
506 4244 635 4322 proinde
649 4245 681 4307 iu
697 4260 734 4309 eo
746 4245 863 4325 judicio
878 4246 1121 4320 anasseuuan·
1167 4246 1275 4308 ambae
1291 4246 1456 4325 Agathonis
1468 4244 1627 4325 epistolae.
1893 4273 1896 4278 ,

256 4328 305 4391 ris
322 4327 404 4392 euirn
419 4326 563 4405 generale
577 4326 741 4391 concilium
763 4326 931 4407 legitimum
948 4346 1008 4391 non
1024 4330 1123 4408 possit
1208 4328 1250 4390 td
1265 4337 1382 4391 sextum
1394 4329 1475 4389 dico:
1489 4321 1775 4407 lestolamLeonis
1786 4322 1942 4386 abiisdem
1959 4340 2030 4389 esse

257 4424 375 4477 errare,
391 4414 540 4489 utaequa
554 4410 663 4471 errarit
677 4410 735 4472 hus
749 4412 912 4485 sextariam
929 4411 1121 4491 dogmatibus
1167 4417 1369 4489 corrupturus
1385 4410 1498 4491 quibus
1511 4415 1654 4487 corrupta
1668 4413 1715 4471 est
1729 4413 1812 4469 sexta
1827 4406 1976 4485 synodus:
1988 4407 2030 4470 si·

191 4536 192 4561 ,
258 4490 336 4555 lrdei
352 4490 558 4562 deliniendis,
577 4498 675 4555 tamen
691 4508 793 4555 errare
808 4498 908 4571 potest
922 4494 952 4555 in
969 4498 1121 4573 quaestio·
1166 4494 1290 4575 quidem
1306 4494 1434 4573 epistula
1449 4494 1501 4557 illa
1520 4506 1597 4573 ¹pars
1612 4490 1761 4571 quaedam
1778 4489 1901 4572 conmlii
1924 4506 2032 4565 cense-

258 4574 355 4635 nibos
370 4574 408 4635 de
423 4576 513 4637 lacto,
533 4574 638 4652 ltaque
661 4580 723 4637 tuto
739 4575 843 4638 dicere
858 4592 1023 4655 possumus
1039 4620 1047 4649 ‚
1062 4576 1122 4639 bos
1167 4583 1226 4647 tur,
1242 4582 1273 4639 et
1287 4592 1357 4638 nom
1375 4575 1447 4654 ipso
1466 4576 1599 4639 concilio
1624 4572 1849 4637 circumlertur.
1878 4572 1933 4634 llel
1948 4578 2031 4636 certe

191 4700 192 4735 q
257 4656 367 4718 Patres
382 4656 529 4734 deceptos
544 4672 581 4719 ex
594 4656 679 4719 laisis
694 4658 867 4721 rumoribus
885 4704 892 4729 ,
909 4667 940 4723 et
954 4676 1015 4721 uon
1032 4660 1119 4721 intel·
1165 4658 1229 4723 Leo
1239 4665 1390 4737 sequutus
1405 4666 1453 4721 est
1459 4659 1611 4738 judicium
1642 4658 1811 4736 legatorum
1840 4653 2029 4734 Agatheam,

258 4739 352 4803 lectis
367 4738 492 4801 Honorii
514 4738 653 4815 epistolis
669 4786 678 4815 ,
694 4739 845 4803 immerito
864 4758 936 4807 cum
958 4741 1121 4807 baeretieis
1165 4758 1206 4805 ne
1219 4741 1404 4804 disturbaret
1416 4744 1570 4820 negotium
1580 4739 1645 4820 jam
1662 4739 1851 4801 conlectum.
1878 4737 1938 4799 Sed
1968 4755 2031 4801 non

258 4836 503 4885 connumerasse
520 4822 699 4885 Honorium.
1165 4830 1307 4887 tenemur
1320 4840 1377 4887 uos
1389 4826 1485 4905 magis
1498 4840 1593 4887 unum
1606 4821 1740 4884 Leone·
1756 4820 1855 4897 sequi,
1879 4835 1970 4896 qnam
1988 4827 2032 4883 tot

302 4903 492 4983 Dices:Hrgo
507 4920 546 4967 ne
562 4910 592 4965 to
608 4904 718 4967 melius
733 4903 856 4967 Honorii
872 4903 1017 4982 epistolas
1031 4905 1119 4969 intel·
1165 4907 1241 4969 alios
1255 4922 1392 4969 summos
1406 4906 1587 4986 pontillces3
1604 4902 1785 4983 praesertim
1800 4903 1831 4963 iu
1847 4903 2029 4982 quaestione

191 5032 192 5073 ,
257 4985 467 5067 ligis,quam
483 4986 688 5049 intellexerint
707 4994 751 5049 rot
764 4986 1119 5068 Patrestllesponde03
1165 4986 1796 5069 delacto,quacadlidcmnonpertioet.
1845 5017 1847 5022 ·

258 5086 325 5130 non
340 5068 494 5146 quidemr
511 5068 628 5141 me,sed
643 5070 682 5132 ab
696 5068 813 5133 loanne
823 5068 1002 5135 ll'dlarlino
1016 5071 1121 5151 laga-
1207 5071 1248 5136 dd
1260 5074 1436 5151 septimum:
1450 5071 1572 5151 dirjicio
1587 5074 1727 5131 auctores
1751 5066 1947 5143 auctoribus,
1964 5068 2031 5146 pln-

258 5152 374 5221 lbunc,
391 5157 421 5213 et
435 5150 556 5215 Nicoluu
578 5151 603 5215 l.
620 5152 748 5215 summis
769 5152 964 5231 pontilicibus
985 5160 1044 5217 eta
1061 5160 1121 5217 totu
1165 5171 1218 5219 res
1230 5155 1436 5234 paucioribus,
1453 5155 1484 5217 ct
1497 5153 1687 5233 antiquiores
1699 5149 1936 5213 recentioribus.
1959 5152 2032 5214 llam

191 5280 194 5323 ὲ
258 5235 395 5297 concilio
411 5250 536 5297 mmano
550 5234 609 5299 snb
624 5235 750 5299 Hartioo
764 5242 948 5315 congregato
964 5278 974 5312 ‚
990 5252 1043 5299 aas
1057 5239 1120 5317 epi·
1166 5237 1317 5317 inprimis
1331 5254 1361 5300 s.
1374 5238 1537 5302 blaximus.
1551 5236 1606 5315 qui
1632 5240 1769 5312 tompore
1795 5232 1921 5295 Honorii
1938 5232 2030 5311 risit,

259 5316 360 5379 stolas
374 5316 484 5379 melius
505 5332 575 5381 esse
597 5316 793 5395 intellectas,
817 5336 906 5398 quam
921 5336 938 5381 a
951 5320 1076 5383 Graecis
1090 5320 1121 5383 in
1166 5321 1197 5385 io
1214 5320 1290 5384 ulai.
1303 5326 1385 5384 cont.
1408 5318 1730 5400 Pyrru'lbeopbanes
1756 5316 1880 5377 isaurus
1909 5316 1940 5377 in
1956 5315 2029 5379 hist.

191 5448 193 5491 ,
260 5397 509 5463 concilioacxto.
984 5460 987 5467 ,
1167 5397 1950 5485 quamcitatlinuplrrius,ethanuelHallecain
1973 5398 2029 5462 lib.

303 5478 366 5543 Cur
379 5480 490 5560 igitur,
507 5482 651 5558 inquies,
666 5482 757 5561 legati
772 5482 935 5561 Agathonis
950 5500 1011 5547 nun
1027 5484 1121 5546 recla-
1167 5503 1258 5563 quem
1270 5486 1393 5563 scripsit
1405 5502 1459 5562 pro
1471 5484 1585 5547 Latinis
1596 5480 2031 5564 cuntraliraecos,llonorium

259 5568 385 5625 maroni
400 5608 408 5637 ,
425 5580 494 5625 cum
509 5564 661 5627 Honorius
675 5566 868 5629 damnaretur
882 5567 897 5628 l
911 5566 1094 5645 Respondes
1111 5584 1119 5627 :
1168 5584 1291 5647 semper
1305 5568 1487 5631 catholicum
1502 5568 1598 5629 luisse
1610 5563 1890 5627 testantur.Deinde
1903 5562 2030 5627 Photius

191 5698 192 5719 ,
259 5645 423 5707 idlaeturu
439 5647 749 5710 esseader'atandum
769 5648 1123 5728 majusmalumrrere·
1167 5655 1258 5715 eliam
1270 5650 1425 5724 maccus,
1445 5658 1475 5713 et
1503 5663 1646 5713 romanae
1674 5645 1833 5709 Ecclesiae
1855 5646 2032 5710 intastusin

191 5724 192 5741 ¹
260 5730 375 5791 bantur
389 5728 472 5791 enim
488 5729 578 5807 legali
595 5776 603 5793 .
618 5729 646 5793 si
658 5730 863 5801 reclamarent
880 5778 888 5805 ,
905 5748 944 5793 ne
959 5732 1121 5810 impedire·
1169 5734 1254 5797 libel.
1270 5735 1309 5794 de
1325 5734 1356 5795 l.
1372 5734 1510 5812 synodis3
1525 5732 1578 5794 obi
1593 5731 1630 5793 nd
1641 5729 1692 5791 ll.
1708 5727 1967 5809 aquodam-rand,
1983 5728 2030 5793 di-

262 5817 313 5873 tur
328 5810 463 5873 delinitio
478 5816 577 5875 reciae
593 5811 663 5875 lidei
680 5858 689 5888 ‚
705 5818 736 5875 et
749 5830 811 5875 nun
826 5820 932 5891 possut
947 5814 1010 5876 tolli
1025 5812 1122 5877 soliis·
1169 5818 1221 5885 eit,
1236 5818 1396 5877 darnnalus
1420 5815 1515 5877 luisse
1531 5813 1659 5895 Cyrum,
1682 5810 1840 5886 Seruium..
1856 5810 2005 5892 Pyrrhum
2021 5860 2031 5886 ,

263 5910 312 5953 irre
331 5894 437 5987 ,quod
452 5894 540 5957 anais
562 5893 613 5957 lle.
627 5895 687 5974 jam
710 5895 867 5959 duraverat
883 5913 891 5957 ε
916 5912 984 5957 uam
1000 5895 1122 5959 damna·
1168 5899 1306 5962 Paolum.
1322 5897 1456 5975 Petrum3
1472 5904 1502 5961 at
1516 5897 1555 5959 de
1571 5896 1706 5959 Honorio
1721 5893 1797 5956 nibil
1811 5894 1887 5957 dicit
1902 5895 1973 5958 tale.
1987 5895 2033 5959 Si·

262 5976 376 6039 bantur
390 5992 421 6040 in
443 5992 481 6039 eo
496 5978 626 6040 concilio
641 5978 829 6057 patriarchae
850 5978 937 6042 multi
959 5979 1123 6042 constanti·
1168 5982 1281 6045 militer
1294 5981 1425 6045 Zonaras
1439 5980 1543 6055 inrita
1553 5978 1709 6044 maetam.
1722 5976 1771 6039 il.
1785 5976 1924 6043 relerens
1934 5978 2031 6042 nomi·

261 6058 431 6136 napolitani
447 6103 456 6136 ‚
472 6057 659 6125 alexandrini
674 6066 704 6125 et
716 6061 904 6140 marchena
914 6077 1042 6143 quorum
1055 6078 1125 6127 suo·
1169 6084 1207 6129 na
1219 6066 1427 6130 damnatorum
1441 6063 1472 6127 in
1488 6058 1538 6126 ll.
1558 6060 1689 6146 synodo,
1714 6058 1882 6126 Honorium
1909 6061 2030 6129 oruiltil.
