4792 7009
1049 746 1146 806 trudit
1165 745 1288 806 PRIMUS
1942 737 1978 794 ‘lii

276 881 496 941 sternumento
517 891 653 942 mmmm
673 879 861 961 dogmatum
872 882 1083 962 reliqueram,
1096 884 1144 961 tu
1187 887 1314 966 gradus,
1329 881 1366 944 ad
1382 877 1548 960 spiritualia
1564 881 1596 942 ot
1612 875 1758 942 coelestio
1772 875 1969 940 deducamur.
1984 877 2048 940 lton

274 959 341 1021 ⁰5²⁸
362 963 438 1040 Μ
463 961 636 1040 dimetrii,
649 962 831 1047 ittterquoo
844 969 1146 1046 cmwtoquueaen·
1188 969 1403 1050 igituromues
1416 963 1507 1043 vulgo
1522 977 1578 1042 per
1591 961 1743 1024 internum
1758 959 1889 1024 alilatunr
1900 959 2050 1024 lleusdo·

275 1056 353 1104 sere
367 1045 575 1108 conueniant.
1189 1057 1250 1126 cet,
1272 1047 1347 1130 quid
1367 1047 1407 1110 de
1427 1061 1464 1108 se
1478 1045 1574 1120 orodi,
1591 1043 1703 1124 quidve
1717 1059 1735 1106 a
1749 1042 1814 1106 suis
1828 1043 1877 1123 agi
1892 1043 1976 1106 velit:
1992 1043 2050 1108 sed

321 1125 427 1188 Tertio
435 1127 523 1190 testis
534 1132 581 1190 est
591 1126 674 1190 Deus
685 1128 767 1208 ipse,
779 1129 833 1210 qui
844 1128 1008 1210 aliquando
1019 1131 1146 1194 coelesti
1188 1149 1246 1214 per
1259 1130 1433 1211 corporales
1446 1128 1560 1202 literas,
1574 1142 1650 1207 quas
1663 1131 1694 1188 el
1704 1139 1912 1200 cerneremus,
1926 1132 1957 1190 et
1966 1125 2050 1206 lege·

276 1209 550 1273 animaduersione
565 1209 752 1287 Scripturam
766 1212 846 1276 hanc
860 1229 946 1275 suam
961 1212 1000 1274 alr
1015 1213 1146 1276 humana
1189 1231 1305 1288 remus,
1328 1212 1449 1277 crudire
1470 1225 1528 1274 nos
1548 1209 1654 1274 voluit.
1668 1207 1713 1272 ile
1732 1207 1793 1271 illu
1807 1207 1944 1283 ciuitate,
1959 1209 2050 1273 unde

278 1291 497 1368 profanatione
512 1292 661 1355 delendit.
675 1295 792 1358 iliranti
806 1295 960 1375 siquidem
973 1293 1146 1359 Ptolemaeo
1186 1298 1438 1378 peregrinamur
1451 1292 1572 1374 (inquit
1581 1292 1768 1372 Augustinus
1779 1306 1868 1354 conc.
1880 1289 1912 1352 2.
1925 1291 1958 1352 ἰιι
1969 1293 2049 1370 psal.

281 1373 368 1452 regi,
384 1390 442 1438 cur
455 1375 627 1438 divinorum
640 1375 789 1440 librorum
804 1377 894 1452 nulii,
910 1393 1010 1458 neque
1025 1377 1146 1440 tristari·
1189 1379 1267 1463 oo.)
1289 1380 1400 1446 literae
1419 1376 1512 1443 nodis
1526 1379 1698 1453 veneunt
1711 1373 1804 1454 ipsae
1817 1377 1892 1436 ment
1905 1372 2051 1454 scriptu·

279 1454 327 1524 ei.
351 1473 456 1536 neque
475 1463 586 1536 poetae
599 1465 720 1522 veteres
733 1460 958 1537 meminissent;
973 1459 1147 1526 Demetrius
1189 1479 1260 1536 roe,
1276 1477 1361 1544 quoe
1375 1477 1434 1525 noa
1448 1460 1629 1536 hortentur,
1645 1463 1682 1522 ut
1696 1457 1775 1522 dene
1787 1457 1947 1520 uiuamus.

277 1535 472 1602 Phaleraeus
491 1539 665 1618 rospondit,
686 1545 721 1604 ut
740 1557 778 1606 ex
796 1541 935 1606 Aristaeo
947 1543 1084 1608 celerant
1095 1542 1145 1606 io·
1230 1545 1336 1626 licque
1357 1559 1430 1606 rero
1451 1543 1478 1605 si
1499 1541 1611 1618 Dauid,
1633 1541 1770 1636 iiioqses,
1792 1537 1906 1614 isaias,
1929 1538 2049 1614 Petrus,

279 1621 364 1698 seplr
380 1623 436 1684 iilr.
454 1623 503 1684 12.
518 1622 614 1700 antiq.
631 1640 699 1702 oap.
714 1623 746 1686 2.
762 1629 793 1687 et
806 1623 923 1688 iiuseir.
939 1624 995 1688 lib.
1010 1624 1043 1688 8.
1060 1642 1146 1705 prae·
1190 1627 1314 1702 Paulus,
1339 1625 1485 1700 loannes,
1511 1630 1541 1686 et
1566 1624 1616 1688 alii
1638 1624 1760 1704 qurdam
1776 1619 1866 1702 pauci
1881 1620 1914 1684 in
1928 1625 2051 1684 coetum

277 1719 351 1779 par.
363 1720 474 1783 erarrg.
489 1720 557 1782 cap.
575 1705 604 1766 l.
620 1705 757 1768 ilirinum
770 1707 851 1770 lranc
866 1708 1050 1788 scripturam
1061 1725 1144 1784 esse,
1190 1709 1415 1788 quodammodo
1429 1707 1608 1786 angelorum
1623 1705 1760 1778 admissi,
1773 1704 1813 1768 air
1824 1703 1892 1784 ipso
1903 1703 1988 1768 tonte
1998 1719 2051 1766 re·

278 1793 378 1863 atque
397 1803 416 1848 a
431 1786 497 1848 lieo
511 1786 580 1867 ipso
594 1786 705 1864 datam,
721 1796 883 1868 propterea
898 1792 925 1854 si
940 1792 992 1870 qui
1006 1791 1146 1872 prolana·
1190 1794 1287 1856 nitatis
1307 1807 1363 1871 per
1383 1807 1418 1854 se
1433 1791 1613 1868 sapientiam
1627 1789 1805 1863 hauserunt,
1822 1787 1968 1850 continuo
1982 1801 2053 1850 cae·

278 1884 352 1947 rum
374 1867 535 1932 hominum
549 1883 617 1932 eam
632 1872 780 1950 attingere
793 1873 965 1948 noluerunt,
981 1890 1036 1936 eos
1050 1893 1067 1937 a
1082 1874 1150 1938 ileo
1190 1877 1247 1938 leri
1263 1877 1353 1937 etiam
1368 1873 1521 1947 homines,
1535 1887 1636 1950 neque
1648 1869 1759 1933 divinis
1770 1869 1877 1943 literis,
1890 1884 1993 1949 neque
2004 1867 2052 1932 ul·

278 1966 452 2028 percussos
466 1951 612 2015 continuo
626 1954 788 2018 resiliisse.
799 1953 1037 2035 aureamque,
1050 1957 1147 2020 ruro-
1190 1957 1232 2020 lis
1253 1956 1430 2021 ductoribus
1449 1971 1528 2034 opus
1543 1953 1711 2017 habebunt.
1726 1954 1790 2015 Alia
1805 1951 1960 2033 siquidem
1974 1951 2052 2015 ratio

283 2049 433 2111 pompam
458 2034 627 2112 quendam,
653 2035 736 2115 qood
750 2038 866 2116 aliquid
881 2039 1051 2101 diuinorum
1063 2043 1146 2103 rolo-
1190 2055 1261 2103 esse
1272 2035 1712 2113 debetiundamenlorum,alia
1723 2034 1884 2116 parietum,
1897 2035 1954 2097 alia
1966 2049 2051 2098 mon·

283 2116 403 2178 minum
425 2133 533 2195 graeca
551 2119 688 2181 oratione
707 2135 818 2182 omaro
838 2122 999 2197 voluerut,
1022 2122 1146 2199 subito,
1190 2124 1278 2199 tium,
1295 2121 1352 2185 alia
1367 2120 1504 2184 coliium.
1519 2118 1663 2200 llunquid
1678 2133 1787 2181 omnes
1801 2116 1953 2198 apostoli?
1972 2133 2054 2180 nun·

281 2199 396 2262 mentis
409 2199 541 2278 quadem
554 2199 718 2278 agitatione
730 2202 877 2266 diuinitus
890 2204 1039 2278 immissa,
1056 2205 1148 2268 relic·
1190 2207 1265 2287 quid
1281 2219 1388 2268 omnes
1400 2203 1591 2284 prophetae?
1605 2199 1745 2282 nunquid
1757 2197 2054 2264 omnesluudameu·

282 2288 406 2344 menter
433 2281 642 2360 perturbatum
670 2285 709 2344 ab
728 2286 874 2364 incoepto
893 2302 987 2366 opera
1008 2293 1147 2350 eoactum
1191 2289 1244 2350 tal
1259 2287 1397 2368 nunquid
1419 2301 1528 2350 omnes
1543 2283 1685 2348 montes?
1699 2289 1731 2348 et
1753 2283 1781 2346 si
1795 2295 1903 2348 omnes
1917 2287 2052 2360 montem

285 2380 359 2426 esse
371 2365 535 2427 desistere:
544 2365 738 2430 Theodorum
752 2384 823 2431 raro
837 2370 1061 2447 tragoediarum
1071 2371 1146 2434 scri·
1189 2371 1244 2434 uiri
1270 2369 1391 2436 colles?
1415 2370 1442 2432 si
1458 2383 1566 2432 omnes
1581 2367 1795 2443 itrodamenta3
1811 2363 1864 2428 ubi
1877 2365 2012 2428 domus?
2025 2365 2053 2428 si

284 2455 420 2525 piorem,
432 2448 517 2527 quod
528 2448 634 2510 nescio
648 2450 722 2526 quid
737 2467 755 2513 e
768 2451 870 2514 diuina
885 2451 1039 2531 Scriptura
1054 2455 1092 2516 ad
1106 2454 1146 2515 ia·
1190 2469 1299 2516 omnes
1314 2451 1443 2532 apostoli
1458 2456 1490 2514 et
1504 2450 1684 2530 prophetam
1695 2448 1749 2512 uiri
1760 2462 1912 2529 synagoge
1924 2448 2055 2528 populo·

283 2529 393 2592 butam
414 2529 566 2610 quandam
587 2532 750 2595 nansierre
771 2533 957 2608 decreverat,
979 2536 1148 2598 luminibus
1190 2537 1283 2600 ruini
1298 2535 1338 2599 de
1351 2552 1410 2614 qua
1425 2534 1574 2610 scriptum
1588 2538 1637 2596 ost
1650 2535 1681 2593 in
1697 2531 1777 2610 psai.
1794 2527 2055 2612 'iliteqnoqogtt

283 2618 408 2690 raptum
428 2612 630 2690 orbatumque
651 2629 735 2676 esse:
751 2616 791 2678 ita
805 2615 963 2694 repentina
978 2618 1148 2683 calamitate
1188 2619 1387 2698 populorum
1401 2613 1615 2680 circumdabit
1628 2619 1668 2678 te.
1677 2611 1738 2678 iios
1749 2613 1842 2693 igitur
1855 2613 2055 2694 superaedifi-

283 2695 440 2773 rnsignem
455 2696 655 2758 temeritatem
669 2697 817 2760 contiuuo
830 2715 901 2762 esse
916 2716 1100 2775 repressam.
1191 2717 1297 2764 camur
1310 2699 1323 2776 (
1335 2706 1368 2762 ut
1378 2699 1535 2779 apostolus
1546 2698 1588 2760 ait
1599 2698 1630 2760 in
1641 2697 1673 2759 2.
1685 2713 1754 2776 cap.
1767 2697 1858 2776 epist.
1872 2699 1908 2760 ad
1921 2693 2053 2776 Epiros.)

328 2777 439 2853 rorlo
460 2777 549 2840 testis
569 2785 618 2840 est
638 2779 704 2858 ipsa
725 2779 890 2859 Scriptura,
912 2782 1002 2863 cujus
1016 2783 1043 2845 si
1057 2800 1145 2846 verae
1193 2799 1288 2862 super
1309 2783 1541 2846 tundamentum
1555 2780 1762 2856 apostolorum
1779 2778 1810 2842 et
1823 2778 2053 2858 propaeurum,

288 2858 415 2921 inerunt
427 2859 652 2938 proediotiones
665 2878 766 2924 rerum
780 2863 957 2940 iniuratum,
974 2873 1007 2926 ut
1020 2872 1148 2929 arenlus
1192 2881 1323 2944 quorum
1338 2863 1566 2943 praedieatione
1581 2869 1612 2924 et
1623 2862 1718 2926 literis
1730 2861 1898 2925 erudimur:
1911 2861 1955 2922 ilii
1967 2877 2051 2934 vero,

289 2949 397 3019 postea
411 2943 630 3021 comprobarit.
646 2961 701 3006 eur
714 2961 784 3008 vera
799 2963 861 3008 non
876 2948 1050 3010 sintrerunr
1061 2965 1147 3026 prae·
1191 2949 1243 3026 qui
1260 2949 1318 3028 ipsi
1335 2947 1485 3018 viderunt,
1501 2953 1532 3008 et
1544 2945 1675 3008 ministri
1690 2945 1813 3008 luerunt
1825 2943 1990 3016 sermonis,
2002 2959 2055 3006 su·

283 3024 420 3085 sentium
435 3025 632 3088 testimonia?
645 3026 757 3089 Verum
771 3027 930 3105 igiturest,
943 3031 1026 3110 quod
1037 3031 1079 3092 ait
1091 3030 1147 3093 iia·
1191 3036 1362 3093 slentantur
1383 3036 1473 3110 alque
1488 3029 1625 3092 nituntur
1640 3033 1708 3108 ipso
1723 3043 1843 3092 summo
1858 3025 1996 3107 angulari
2010 3026 2055 3090 ia·

284 3106 334 3165 rid
362 3105 417 3168 lib.
432 3107 464 3168 2.
481 3107 554 3187 lteg.
571 3125 639 3186 cap.
655 3109 706 3172 eu.
724 3109 863 3190 Spiritus
877 3112 1007 3176 Domini
1021 3114 1145 3176 loeutus
1191 3111 1263 3192 pide
1279 3111 1398 3175 Christo
1411 3111 1497 3174 iesu.

283 3193 330 3248 ast
342 3204 403 3268 per
415 3205 478 3262 nre,
493 3197 523 3252 et
535 3206 639 3252 sermo
653 3191 724 3273 ejus
734 3207 796 3271 per
809 3194 957 3273 linquam
968 3196 1147 3259 meermlle-
1233 3197 1303 3258 Sole
1326 3195 1492 3258 exoriente.
1513 3192 1661 3256 montium
1676 3191 1835 3255 cacumina
1850 3192 2053 3270 illustrantur3

285 3288 353 3332 rum
368 3272 454 3350 quod
468 3273 509 3332 ait
523 3273 649 3335 zachar.
661 3275 735 3337 Luc.
750 3276 778 3337 i.
790 3276 982 3340 Benedictus
994 3277 1148 3343 Marinus
1194 3277 1266 3340 inde
1280 3284 1381 3340 autern
1397 3277 1435 3339 ad
1449 3277 1557 3351 colles,
1574 3283 1604 3339 et
1620 3291 1718 3354 usqua
1733 3275 1770 3336 ad
1784 3276 1859 3336 imas
1870 3274 1965 3335 ualles
1975 3273 2054 3336 radii

282 3352 365 3415 Deua
380 3355 486 3416 lsrael
500 3360 557 3417 eto.
575 3355 665 3419 Sicut
678 3357 830 3437 loquutus
845 3366 890 3422 est
900 3374 961 3438 per
973 3377 1009 3423 os
1021 3368 1146 3426 sancto·
1193 3363 1320 3424 luminis
1335 3359 1520 3422 derivantur.
1536 3359 1579 3420 lta
1591 3357 1675 3438 juxta
1691 3358 1801 3436 psalm.
1818 3357 1868 3423 li.
1882 3355 2056 3432 suscipiunt

283 3453 371 3511 mem,
391 3439 451 3515 qui
465 3439 628 3502 oaueeulo
642 3446 730 3510 sunt.
744 3441 1072 3525 prophetarumque.
1092 3445 1148 3506 le·
1193 3451 1314 3506 montes
1335 3457 1441 3522 pacem
1464 3442 1591 3522 populo,
1607 3446 1638 3504 et
1651 3441 1747 3504 colles
1761 3439 1919 3520 justitiam:
1936 3437 2056 3504 Montes

284 3535 352 3580 rum
367 3521 452 3596 quod
467 3518 509 3581 ait
523 3520 640 3584 Petrus.
655 3522 687 3582 2.
702 3522 783 3585 Patr.
798 3541 868 3604 cap.
883 3526 912 3586 l.
929 3525 1054 3605 Spiritu
1071 3543 1148 3590 sora
1192 3525 1312 3604 (inquit
1324 3541 1350 3586 s.
1362 3524 1441 3604 dog.
1453 3529 1540 3588 tract.
1556 3524 1585 3586 i.
1598 3523 1631 3586 in
1641 3521 1728 3586 ioan.
1740 3522 1752 3600 i
1763 3521 1910 3586 ecceuoe
1921 3521 2055 3585 animoa

282 3609 331 3661 cto
344 3602 504 3681 inspirati
518 3603 645 3681 loquuti
658 3610 735 3668 meru
746 3607 853 3670 carecti
864 3606 924 3670 Dei
943 3609 1100 3672 loomim
1112 3611 1149 3672 Et
1192 3613 1280 3683 aunt,
1296 3608 1389 3670 colles
1403 3623 1527 3687 pnraoe
1541 3607 1673 3670 mnimw
1683 3610 1770 3680 aunrt3
1781 3605 1923 3668 ecdiciae
1933 3609 2056 3668 monta

285 3683 399 3745 lanium
421 3685 453 3745 2.
469 3684 601 3747 timoth.
617 3687 647 3748 3.
676 3686 785 3751 Omnis
808 3691 972 3768 scripturo
991 3693 1147 3757 diuinitus
1192 3693 1363 3770 ocemont
1375 3707 1502 3770 perena,
1517 3695 1553 3752 ut
1564 3689 1658 3752 eolice
1670 3687 1793 3767 possint
1804 3685 2057 3766 occipereq'usti·

280 3767 459 3844 iarspirotu.
486 3766 598 3830 Verum
627 3769 761 3850 denique
786 3772 816 3832 id
845 3774 926 3852 quod
949 3790 1057 3838 omnes
1077 3791 1147 3853 pro·
1192 3775 1284 3837 tione.
1300 3772 1387 3850 Quae
1400 3770 1794 3854 estiustitiequorncolles
1806 3768 2055 3851 euripiuntidi·

286 3851 400 3927 plretae
418 3849 584 3912 identidem
598 3856 753 3928 repelare
767 3854 853 3918 liner
866 3856 946 3919 dicit
958 3857 1126 3921 Dominus
1191 3859 1261 3920 dee:
1276 3858 1357 3936 quio
1365 3856 1473 3934 justus
1488 3872 1531 3918 en
1544 3853 1607 3934 lide
1620 3855 1709 3916 uiurit.
1725 3851 1794 3918 non
1802 3859 1915 3916 eutem
1925 3852 2055 3930 eademe-

331 3933 481 3994 Postremo
496 3935 585 3995 testis
598 3934 1143 4016 estinfinituspropenumerusdiri·
1189 3935 2053 4017 rentrniooreaoninroetidemmdetrnuioresnrrimoe,

290 4029 401 4074 norum
421 4014 646 4090 miraculorum,
668 4034 747 4095 quae
768 4021 912 4083 omnihus
925 4023 1058 4084 saeculis
1070 4023 1145 4086 iacta
1191 4038 1279 4102 quoe
1299 4029 1422 4084 mutuos
1444 4023 1646 4093 diatoeaunt,
1663 4019 1703 4082 ab
1716 4021 1791 4100 ipso
1804 4019 1968 4098 semodio
1980 4017 2055 4080 illu·

284 4103 358 4156 sunt
377 4096 416 4158 ad
430 4113 466 4160 ea
481 4097 622 4176 dogmata
636 4101 874 4181 comprobanda,
889 4121 968 4183 quae
982 4105 1013 4167 in
1036 4105 1086 4168 lais
1109 4107 1145 4168 li·
1189 4109 1389 4176 curarentur,
1411 4111 1448 4166 ut
1466 4107 1596 4176 possent
1614 4104 1760 4182 perunctis
1783 4100 1942 4178 traiicere,
1965 4100 2055 4180 quod

284 4177 360 4240 teris
373 4180 583 4243 continentur.
1188 4189 1314 4267 possint
1334 4187 1469 4266 paruuli
1491 4201 1618 4264 cupere.
1645 4186 1680 4246 lit
1695 4186 1782 4248 intra:
1801 4183 1913 4247 Oculos
1927 4187 2053 4246 nostroe

298 4341 304 4352 ·
324 4260 427 4333 Quare
448 4278 518 4324 eum
534 4279 618 4326 saera
633 4263 787 4345 Scriptura
801 4268 905 4347 regula
921 4269 1066 4333 credendi
1081 4287 1147 4334 eer-
1190 4285 1266 4332 urna
1291 4271 1435 4333 leuantur
1459 4271 1504 4332 od
1529 4268 1725 4347 Scripturas,
1743 4269 1824 4347 quio
1835 4282 1896 4346 per
1908 4265 2054 4328 domines

284 4344 404 4434 tissima
426 4346 638 4424 tutissimeque
659 4347 710 4421 sit,
731 4365 827 4412 sanus
847 4351 984 4430 proiecto
998 4369 1060 4414 non
1076 4355 1144 4429 erit,
1189 4352 1395 4416 ministratae
1414 4358 1491 4418 suut
1505 4352 1701 4428 scripturae,
1718 4351 1863 4414 teoomm
1876 4347 1984 4410 oeulos
1997 4361 2057 4410 uo·

284 4441 338 4503 qur
359 4441 398 4488 ea
420 4428 571 4505 neglecta,
593 4429 720 4507 spiritus
740 4433 851 4494 interni
873 4449 967 4512 saepe
987 4435 1103 4499 taliacis
1117 4442 1149 4498 et
1189 4441 1272 4500 atros
1287 4437 1333 4498 od
1345 4440 1480 4510 montes,
1496 4435 1584 4498 unde
1599 4433 1887 4498 numitiumueniet
1899 4429 2003 4494 ambis.

283 4523 411 4584 semper
431 4507 551 4582 incerti,
569 4509 688 4590 iudicio
710 4527 748 4576 se
768 4515 967 4578 commiserit.
996 4517 1033 4579 iit
1051 4518 1148 4597 prolrc
1234 4517 1402 4588 Postremo.
1419 4519 1444 4581 si
1460 4520 1491 4580 in
1503 4515 1610 4596 quavis
1628 4517 1758 4578 lrumana
1769 4513 1939 4594 republica,
1953 4511 2057 4576 sutria·

282 4598 412 4654 sanctus
425 4591 597 4672 Angustia
612 4595 740 4674 prologo
753 4595 794 4658 da
815 4597 951 4660 doctrina
965 4599 1148 4677 cirristiana,
1194 4600 1233 4662 tis
1254 4601 1377 4680 iegibus
1391 4602 1599 4677 institutisque
1615 4599 1776 4678 maiorum,
1791 4597 1822 4660 id
1838 4594 2006 4676 unicuique
2018 4593 2057 4656 li·

285 4671 336 4734 iris
360 4673 466 4737 verbis
494 4673 681 4740 Christianos
695 4679 862 4741 admonuit:
880 4680 1055 4746 Careamus
1069 4684 1149 4748 tales
1194 4689 1289 4760 corel,
1313 4685 1394 4762 quod
1417 4683 1543 4745 naturali
1566 4699 1621 4744 sua
1637 4681 1797 4760 prudentia
1811 4695 1943 4758 aequum
1958 4693 1995 4740 ae
2006 4676 2058 4756 ju·

285 4757 1148 4841 ‘fflissiivwwtttrlriaetmusetpertrotosuotmea.mo-
1190 4771 1273 4827 stum
1289 4772 1442 4842 censeret;
1460 4771 1571 4846 quanta
1585 4763 1774 4844 perturbatio
1786 4778 1886 4825 rerum
1903 4759 2056 4823 omnium?

282 4839 399 4918 piaque
419 4840 607 4918 coqinmua,
623 4848 654 4906 el
679 4843 790 4922 ipsum
801 4847 983 4923 epostolurn
995 4849 1148 4920 Porcium,
1194 4853 1304 4927 quanta
1327 4848 1466 4910 contrusio
1488 4845 1686 4928 separaretur?
1707 4861 1797 4924 quarn
1819 4842 1902 4906 breui
1917 4849 2057 4921 tempure

283 4919 356 4982 lieet
370 4921 489 4984 diuino
502 4929 531 4984 et
545 4924 673 4987 coelem
683 4941 760 4988 uoce
776 4932 975 5005 prostratum
988 4938 1018 4995 et
1028 4933 1151 4995 insina-
1193 4936 1253 4992 tuta
1266 4947 1301 4994 ea
1313 4930 1486 5009 respublica
1498 4929 1633 4992 funditus
1645 4929 1798 4992 interiret?
1809 4935 1840 4988 et
1852 4941 1943 4989 nemo
1956 4931 2057 4988 temen

285 5010 381 5072 eturn.
397 5004 444 5066 od
457 5003 623 5069 hominem
635 5015 746 5072 tornea
757 5010 893 5074 misum
906 5029 982 5088 uae,
994 5022 1149 5078 adsuere
1194 5019 1253 5084 est,
1278 5013 1329 5093 qui
1346 5029 1408 5076 non
1422 5012 1649 5092 aliquidaapiat
1664 5013 1693 5073 in
1708 5011 1803 5074 rebus
1817 5009 1971 5081 humanis,
1987 5007 2055 5086 qui·

283 5093 398 5147 metue
414 5088 607 5166 rumpuat.
628 5097 726 5170 oque
747 5093 954 5171 copularetur
973 5097 1149 5160 duodecem·
1193 5113 1256 5176 que
1271 5096 1354 5158 omni
1370 5111 1495 5174 prorsus
1508 5094 1626 5176 judicio
1636 5100 1748 5157 careat.
1762 5093 1839 5167 Quid
1851 5093 1943 5172 igitur
1953 5090 2052 5163 lieret,

283 5174 317 5228 et
336 5172 560 5234 cenwrimrern
581 5171 784 5249 Caesetium,
805 5179 959 5255 quemuis
973 5181 1149 5244 excudunt
1190 5181 1220 5242 si
1236 5179 1267 5241 in
1283 5195 1317 5242 ea
1332 5177 1503 5254 republica.
1518 5192 1598 5256 quae
1612 5175 1712 5238 diuina
1729 5177 1934 5255 potiusquam
1947 5173 2055 5236 huma·

282 5250 449 5314 mum
460 5253 828 5338 eiremteemoeqnmqoe
838 5266 999 5338 repertos
1010 5263 1149 5342 eianqe·
1193 5277 1232 5324 nn
1248 5267 1307 5332 est,
1322 5268 1354 5322 et
1368 5264 1400 5322 in
1415 5277 1473 5336 qua
1488 5259 1581 5322 muita
1607 5259 1784 5322 necessario
1798 5275 1890 5336 supra
1905 5256 2053 5348 rationem

280 5331 337 5394 tus
357 5335 576 5410 nunuooeit,
598 5337 690 5401 Petro
711 5345 822 5402 tomen
834 5344 991 5406 traditum
1003 5344 1149 5408 imbuera-
1193 5345 1361 5406 naturalem
1387 5344 1551 5414 oredenda,
1579 5343 1672 5405 multa
1698 5358 1788 5419 supra
1812 5345 1960 5402 humanas
1975 5351 2056 5400 uires

280 5415 387 5492 dmi
399 5432 462 5494 per
474 5433 571 5498 (Μαι
583 5433 653 5484 non
665 5421 773 5486 solum
784 5433 993 5489 sacramenta
1002 5429 1149 5506 percipe·
1192 5427 1310 5506 agenda
1325 5435 1407 5502 sunt,
1424 5443 1509 5488 sacra
1522 5426 1643 5505 eloquia
1656 5424 1800 5486 diuinitus
1811 5420 2057 5501 inspiratetolle·

277 5503 342 5569 '⁰‘-
353 5501 415 5562 “d
426 5501 614 5581 mamilli!
623 5505 833 5576 credendum.
844 5509 928 5589 quid
935 5510 1147 5588 munatium,
1191 5515 1299 5572 rentur
1313 5525 1330 5572 e
1345 5509 1458 5579 medio,
1472 5514 1503 5572 et
1513 5508 1599 5570 solus
1611 5507 1750 5570 internas
1761 5504 1878 5568 aiilatus
1890 5508 2055 5583 expectan-

278 5581 366 5660 quid
380 5581 589 5661 ditiqendom
601 5591 691 5661 meet,
706 5588 849 5650 audiret.
1192 5591 1252 5653 dus
1277 5598 1308 5653 et
1327 5592 1504 5671 sequendus
1519 5590 1624 5653 esset?
1639 5589 1723 5668 quid,
1741 5589 1822 5668 quod
1837 5587 1967 5649 maxima
1983 5601 2054 5664 pars

323 5663 394 5756 line
414 5666 545 5740 accedit,
567 5669 649 5746 quod
670 5669 859 5748 prouidentia
875 5672 930 5735 liei
945 5672 985 5738 ita
999 5674 1145 5754 quodque
1193 5672 1353 5736 lrominurn
1369 5687 1406 5737 ert
1421 5674 1550 5736 rudibus
1565 5677 1595 5735 et
1608 5668 1758 5749 imperitis
1770 5675 1898 5746 constet,
1911 5669 1964 5748 qui
1977 5667 2055 5730 uilril

276 5751 362 5824 regri
386 5751 418 5808 et
437 5750 621 5824 moderatur,
644 5757 678 5812 ut
698 5751 850 5832 uniusque
872 5762 977 5819 natura
994 5759 1147 5835 postulat:
1191 5753 1252 5817 sibi
1268 5756 1413 5819 divinitus
1427 5753 1565 5829 iudicari,
1580 5769 1618 5816 ne
1632 5768 1686 5831 per
1698 5755 1852 5816 somnium
1863 5752 1985 5832 quidem
1999 5765 2055 5812 un·

277 5835 390 5920 natura
418 5836 520 5894 autem
539 5831 700 5894 leoninum
720 5835 750 5896 id
773 5836 928 5912 postulat,
950 5845 983 5900 ut
1002 5840 1147 5918 quoniam
1192 5855 1282 5917 quam
1296 5838 1559 5915 serrserunt;quid
1572 5836 2054 5916 igituristitexpeotauuntsem·

277 5927 388 5972 anruro
409 5919 441 5974 et
454 5929 585 5992 corporo
599 5917 726 5993 praediti
742 5934 861 5992 sumus,
878 5926 908 5981 et
923 5923 1090 6000 corporalia
1106 5923 1148 5984 ia·
1192 5921 1271 5999 per?
1287 5921 1361 5984 niiril
1374 5919 1493 5982 interim
1508 5919 1654 5984 credenti
1666 5920 1697 5981 in
1710 5935 1831 5982 omnem
1843 5917 2054 5994 aeternitatem

281 5995 378 6054 citios
392 6011 484 6074 quam
499 5997 670 6076 spiritualia
685 6000 835 6077 capimus3
850 6017 906 6081 per
921 6019 969 6075 ea,
983 6018 1062 6084 queo
1076 6021 1147 6067 sen·
1193 6004 1364 6082 peribunt?
1385 6020 1422 6066 arr
1446 6009 1648 6080 assequentur
1663 6001 1729 6064 sine
1745 6003 1805 6064 ilde
1818 6001 1964 6082 justiliam
1976 6001 1991 6058 i
2005 5999 2054 6062 rel

283 6075 376 6138 siirus
401 6079 539 6160 corporis
562 6080 783 6163 percipiuntur,
811 6085 899 6166 quasi
922 6103 980 6168 per
997 6087 1147 6168 quosdam
1192 6085 1411 6153 beatitudinem
1429 6085 1497 6150 sino
1509 6085 1650 6169 justitia?
1664 6084 1724 6150 Sed
1740 6085 1853 6150 habent
1867 6083 2055 6148 sneaclriet·
