<?xml version="1.0" encoding="UTF-8"?>
<!DOCTYPE html PUBLIC "-//W3C//DTD XHTML 1.0 Transitional//EN"
    "http://www.w3.org/TR/xhtml1/DTD/xhtml1-transitional.dtd">
<html xmlns="http://www.w3.org/1999/xhtml" xml:lang="en" lang="en">
 <head>
  <title>
</title>
<meta http-equiv="Content-Type" content="text/html;charset=utf-8" />
  <meta name='ocr-system' content='tesseract 3.04.00' />
  <meta name='ocr-capabilities' content='ocr_page ocr_carea ocr_par ocr_line ocrx_word'/>
</head>
<body>
  <div class='ocr_page' id='page_1' title='image "./operaomnia01sforgoog/operaomnia01sforgoog_0046.png"; bbox 0 0 4792 7009; ppageno 0'>
   <div class='ocr_carea' id='block_1_1' title="bbox 425 653 1367 716">
    <p class='ocr_par' dir='ltr' id='par_1_1' title="bbox 425 653 1367 716">
     <span class='ocr_line' id='line_1_1' title="bbox 425 653 1367 716; baseline 0.001 -4"><span class='ocrx_word' id='word_1_1' title='bbox 425 653 462 712; x_wconf 73' lang='grc'><strong>86</strong></span> <span class='ocrx_word' id='word_1_2' title='bbox 1118 654 1163 714; x_wconf 88' lang='lat' dir='ltr'><strong>DE</strong></span> <span class='ocrx_word' id='word_1_3' title='bbox 1181 653 1290 712; x_wconf 78' lang='lat' dir='ltr'><strong>reuco</strong></span> <span class='ocrx_word' id='word_1_4' title='bbox 1310 655 1367 716; x_wconf 83' lang='lat' dir='ltr'><strong>uui</strong></span> 
     </span>
    </p>
   </div>
   <div class='ocr_carea' id='block_1_2' title="bbox 349 785 2132 1278">
    <p class='ocr_par' dir='ltr' id='par_1_2' title="bbox 349 785 2132 1278">
     <span class='ocr_line' id='line_1_2' title="bbox 351 785 2131 868; baseline 0.003 -16"><span class='ocrx_word' id='word_1_5' title='bbox 351 788 430 856; x_wconf 86' lang='lat' dir='ltr'><strong>locis</strong></span> <span class='ocrx_word' id='word_1_6' title='bbox 444 805 514 868; x_wconf 89' lang='lat' dir='ltr'><strong>cap.</strong></span> <span class='ocrx_word' id='word_1_7' title='bbox 529 787 574 865; x_wconf 75' lang='grc'><strong>6.,</strong></span> <span class='ocrx_word' id='word_1_8' title='bbox 591 788 622 850; x_wconf 84' lang='grc' dir='ltr'><strong>ει</strong></span> <span class='ocrx_word' id='word_1_9' title='bbox 636 786 771 854; x_wconf 85' lang='lat' dir='ltr'><strong>(lerardo</strong></span> <span class='ocrx_word' id='word_1_10' title='bbox 786 785 945 852; x_wconf 88' lang='lat' dir='ltr'><strong>llercatori</strong></span> <span class='ocrx_word' id='word_1_11' title='bbox 956 785 989 851; x_wconf 91' lang='lat' dir='ltr'><strong>iu</strong></span> <span class='ocrx_word' id='word_1_12' title='bbox 1004 785 1217 866; x_wconf 77' lang='lat' dir='ltr'><strong>chronologia,</strong></span> <span class='ocrx_word' id='word_1_13' title='bbox 1262 801 1354 868; x_wconf 84' lang='lat' dir='ltr'><strong>reges</strong></span> <span class='ocrx_word' id='word_1_14' title='bbox 1369 801 1541 868; x_wconf 80' lang='lat' dir='ltr'><strong>persarum,</strong></span> <span class='ocrx_word' id='word_1_15' title='bbox 1552 786 1687 854; x_wconf 84' lang='lat' dir='ltr'><strong>&#39;duobus</strong></span> <span class='ocrx_word' id='word_1_16' title='bbox 1705 785 1900 854; x_wconf 87' lang='lat' dir='ltr'><strong>testimoniis</strong></span> <span class='ocrx_word' id='word_1_17' title='bbox 1915 786 2131 868; x_wconf 83' lang='lat' dir='ltr'><strong>scripturaram</strong></span> 
     </span>
     <span class='ocr_line' id='line_1_3' title="bbox 352 869 2132 951; baseline 0.002 -18"><span class='ocrx_word' id='word_1_18' title='bbox 352 873 405 951; x_wconf 95' lang='lat' dir='ltr'><strong>qui</strong></span> <span class='ocrx_word' id='word_1_19' title='bbox 422 877 564 934; x_wconf 90' lang='lat' dir='ltr'><strong>auctores</strong></span> <span class='ocrx_word' id='word_1_20' title='bbox 578 869 616 932; x_wconf 88' lang='lat' dir='ltr'><strong>ud</strong></span> <span class='ocrx_word' id='word_1_21' title='bbox 633 873 717 934; x_wconf 85' lang='lat' dir='ltr'><strong>illum</strong></span> <span class='ocrx_word' id='word_1_22' title='bbox 732 869 942 950; x_wconf 88' lang='lat' dir='ltr'><strong>objectionem</strong></span> <span class='ocrx_word' id='word_1_23' title='bbox 972 870 1011 932; x_wconf 86' lang='lat' dir='ltr'><strong>de&#39;</strong></span> <span class='ocrx_word' id='word_1_24' title='bbox 1030 869 1140 944; x_wconf 85' lang='lat' dir='ltr'><strong>Amen,</strong></span> <span class='ocrx_word' id='word_1_25' title='bbox 1164 870 1219 946; x_wconf 93' lang='lat' dir='ltr'><strong>qui</strong></span> <span class='ocrx_word' id='word_1_26' title='bbox 1263 871 1406 950; x_wconf 87' lang='lat' dir='ltr'><strong>probant.</strong></span> <span class='ocrx_word' id='word_1_27' title='bbox 1431 869 1533 932; x_wconf 72' lang='lat' dir='ltr'><strong>&#39;Unum</strong></span> <span class='ocrx_word' id='word_1_28' title='bbox 1555 875 1604 936; x_wconf 90' lang='lat' dir='ltr'><strong>est</strong></span> <span class='ocrx_word' id='word_1_29' title='bbox 1618 871 1696 934; x_wconf 93' lang='lat' dir='ltr'><strong>Duu.</strong></span> <span class='ocrx_word' id='word_1_30' title='bbox 1713 869 1783 946; x_wconf 79' lang='grc' dir='ltr'><strong>ιι,.,</strong></span> <span class='ocrx_word' id='word_1_31' title='bbox 1807 871 1865 936; x_wconf 93' lang='lat' dir='ltr'><strong>ubi</strong></span> <span class='ocrx_word' id='word_1_32' title='bbox 1888 870 2003 934; x_wconf 90' lang='lat' dir='ltr'><strong>Daniel</strong></span> <span class='ocrx_word' id='word_1_33' title='bbox 2021 879 2132 950; x_wconf 86' lang='lat' dir='ltr'><strong>postea·</strong></span> 
     </span>
     <span class='ocr_line' id='line_1_4' title="bbox 350 949 2129 1032; baseline 0.004 -18"><span class='ocrx_word' id='word_1_34' title='bbox 350 954 519 1016; x_wconf 78' lang='lat' dir='ltr'><strong>transferre</strong></span> <span class='ocrx_word' id='word_1_35' title='bbox 532 952 629 1015; x_wconf 78' lang='lat' dir='ltr'><strong>soluit</strong></span> <span class='ocrx_word' id='word_1_36' title='bbox 642 953 809 1031; x_wconf 91' lang='lat' dir='ltr'><strong>imperium</strong></span> <span class='ocrx_word' id='word_1_37' title='bbox 823 967 985 1031; x_wconf 78' lang='lat' dir='ltr'>persarum</span> <span class='ocrx_word' id='word_1_38' title='bbox 1011 951 1050 1013; x_wconf 93' lang='lat' dir='ltr'><strong>ad</strong></span> <span class='ocrx_word' id='word_1_39' title='bbox 1074 949 1218 1015; x_wconf 90' lang='lat' dir='ltr'><strong>mecedo·</strong></span> <span class='ocrx_word' id='word_1_40' title='bbox 1263 968 1356 1030; x_wconf 89' lang='lat' dir='ltr'><strong>quarn</strong></span> <span class='ocrx_word' id='word_1_41' title='bbox 1381 951 1500 1014; x_wconf 88' lang='lat' dir='ltr'><strong>dixerat</strong></span> <span class='ocrx_word' id='word_1_42' title='bbox 1526 957 1589 1016; x_wconf 90' lang='lat' dir='ltr'><strong>tres</strong></span> <span class='ocrx_word' id='word_1_43' title='bbox 1617 967 1710 1032; x_wconf 90' lang='lat' dir='ltr'><strong>reges</strong></span> <span class='ocrx_word' id='word_1_44' title='bbox 1737 951 1862 1017; x_wconf 81' lang='lat' dir='ltr'><strong>tuturos</strong></span> <span class='ocrx_word' id='word_1_45' title='bbox 1886 951 1989 1016; x_wconf 87' lang='lat' dir='ltr'><strong>luisse</strong></span> <span class='ocrx_word' id='word_1_46' title='bbox 2011 951 2042 1014; x_wconf 89' lang='lat' dir='ltr'><strong>iu</strong></span> <span class='ocrx_word' id='word_1_47' title='bbox 2068 955 2129 1020; x_wconf 92' lang='lat' dir='ltr'><strong>Per·</strong></span> 
     </span>
     <span class='ocr_line' id='line_1_5' title="bbox 351 1032 2131 1115; baseline 0.003 -19"><span class='ocrx_word' id='word_1_48' title='bbox 351 1051 420 1110; x_wconf 90' lang='lat' dir='ltr'><strong>nes,</strong></span> <span class='ocrx_word' id='word_1_49' title='bbox 437 1034 676 1113; x_wconf 88' lang='lat' dir='ltr'><strong>responderent:</strong></span> <span class='ocrx_word' id='word_1_50' title='bbox 693 1051 756 1096; x_wconf 91' lang='lat' dir='ltr'><strong>non</strong></span> <span class='ocrx_word' id='word_1_51' title='bbox 772 1033 843 1097; x_wconf 91' lang='lat' dir='ltr'><strong>ideo</strong></span> <span class='ocrx_word' id='word_1_52' title='bbox 858 1035 919 1097; x_wconf 94' lang='lat' dir='ltr'><strong>hoc</strong></span> <span class='ocrx_word' id='word_1_53' title='bbox 945 1034 1083 1097; x_wconf 81' lang='lat' dir='ltr'><strong>voluisse</strong></span> <span class='ocrx_word' id='word_1_54' title='bbox 1107 1032 1217 1106; x_wconf 84' lang='lat' dir='ltr'><strong>Amen,</strong></span> <span class='ocrx_word' id='word_1_55' title='bbox 1263 1034 1331 1098; x_wconf 91' lang='lat' dir='ltr'><strong>side</strong></span> <span class='ocrx_word' id='word_1_56' title='bbox 1348 1033 1554 1112; x_wconf 82' lang='lat' dir='ltr'><strong>postumium</strong></span> <span class='ocrx_word' id='word_1_57' title='bbox 1577 1035 1717 1106; x_wconf 90' lang='lat' dir='ltr'><strong>medum,</strong></span> <span class='ocrx_word' id='word_1_58' title='bbox 1741 1035 1895 1098; x_wconf 88' lang='lat' dir='ltr'><strong>contiuuo</strong></span> <span class='ocrx_word' id='word_1_59' title='bbox 1918 1033 2080 1115; x_wconf 85' lang='lat' dir='ltr'><strong>subjungit</strong></span> <span class='ocrx_word' id='word_1_60' title='bbox 2097 1041 2131 1102; x_wconf 92' lang='lat' dir='ltr'><strong>dc</strong></span> 
     </span>
     <span class='ocr_line' id='line_1_6' title="bbox 350 1113 2131 1197; baseline 0.004 -20"><span class='ocrx_word' id='word_1_61' title='bbox 350 1115 434 1194; x_wconf 92' lang='lat' dir='ltr'><strong>quod</strong></span> <span class='ocrx_word' id='word_1_62' title='bbox 453 1116 517 1194; x_wconf 84' lang='lat' dir='ltr'><strong>jam</strong></span> <span class='ocrx_word' id='word_1_63' title='bbox 534 1122 597 1177; x_wconf 91' lang='lat' dir='ltr'><strong>tum</strong></span> <span class='ocrx_word' id='word_1_64' title='bbox 613 1133 744 1197; x_wconf 93' lang='lat' dir='ltr'><strong>reguum</strong></span> <span class='ocrx_word' id='word_1_65' title='bbox 759 1116 964 1179; x_wconf 82' lang='lat' dir='ltr'>macedonum</span> <span class='ocrx_word' id='word_1_66' title='bbox 978 1116 1019 1177; x_wconf 91' lang='lat' dir='ltr'><strong>ita</strong></span> <span class='ocrx_word' id='word_1_67' title='bbox 1033 1115 1168 1188; x_wconf 90' lang='lat' dir='ltr'><strong>lloreret,</strong></span> <span class='ocrx_word' id='word_1_68' title='bbox 1184 1117 1220 1174; x_wconf 94' lang='lat' dir='ltr'><strong>ut</strong></span> <span class='ocrx_word' id='word_1_69' title='bbox 1263 1113 1446 1178; x_wconf 89' lang='lat' dir='ltr'><strong>Alexandro:</strong></span> <span class='ocrx_word' id='word_1_70' title='bbox 1463 1116 1578 1195; x_wconf 80' lang='lat' dir='ltr'><strong>serpet</strong></span> <span class='ocrx_word' id='word_1_71' title='bbox 1593 1132 1668 1180; x_wconf 82' lang='lat' dir='ltr'><strong>uero</strong></span> <span class='ocrx_word' id='word_1_72' title='bbox 1684 1117 1882 1193; x_wconf 74' lang='lat' dir='ltr'><strong>deminutis,</strong></span> <span class='ocrx_word' id='word_1_73' title='bbox 1909 1121 1942 1178; x_wconf 91' lang='lat' dir='ltr'><strong>et</strong></span> <span class='ocrx_word' id='word_1_74' title='bbox 1961 1117 2131 1184; x_wconf 68' lang='lat' dir='ltr'><strong>domirrodi»</strong></span> 
     </span>
     <span class='ocr_line' id='line_1_7' title="bbox 349 1195 2129 1278; baseline 0.003 -18"><span class='ocrx_word' id='word_1_75' title='bbox 349 1215 421 1260; x_wconf 91' lang='lat' dir='ltr'><strong>cum</strong></span> <span class='ocrx_word' id='word_1_76' title='bbox 437 1198 538 1276; x_wconf 85' lang='lat' dir='ltr'><strong>persis</strong></span> <span class='ocrx_word' id='word_1_77' title='bbox 553 1199 593 1260; x_wconf 94' lang='lat' dir='ltr'><strong>de</strong></span> <span class='ocrx_word' id='word_1_78' title='bbox 608 1199 738 1278; x_wconf 90' lang='lat' dir='ltr'><strong>imperio</strong></span> <span class='ocrx_word' id='word_1_79' title='bbox 764 1199 849 1260; x_wconf 91' lang='lat' dir='ltr'><strong>orbis</strong></span> <span class='ocrx_word' id='word_1_80' title='bbox 873 1205 973 1260; x_wconf 90' lang='lat' dir='ltr'><strong>terrae</strong></span> <span class='ocrx_word' id='word_1_81' title='bbox 1002 1195 1218 1272; x_wconf 71' lang='lat' dir='ltr'><strong>contenderet,</strong></span> <span class='ocrx_word' id='word_1_82' title='bbox 1264 1203 1328 1270; x_wconf 82' lang='lat' dir='ltr'><strong>tarr,</strong></span> <span class='ocrx_word' id='word_1_83' title='bbox 1345 1203 1403 1260; x_wconf 90' lang='lat' dir='ltr'><strong>ete.</strong></span> <span class='ocrx_word' id='word_1_84' title='bbox 1416 1197 1554 1263; x_wconf 90' lang='lat' dir='ltr'><strong>Alterum</strong></span> <span class='ocrx_word' id='word_1_85' title='bbox 1571 1205 1619 1262; x_wconf 92' lang='grc' dir='ltr'><strong>εει</strong></span> <span class='ocrx_word' id='word_1_86' title='bbox 1634 1198 1667 1260; x_wconf 92' lang='lat' dir='ltr'><strong>in</strong></span> <span class='ocrx_word' id='word_1_87' title='bbox 1683 1197 1714 1259; x_wconf 75' lang='grc'><strong>2.</strong></span> <span class='ocrx_word' id='word_1_88' title='bbox 1731 1198 1810 1261; x_wconf 92' lang='lat' dir='ltr'><strong>libro</strong></span> <span class='ocrx_word' id='word_1_89' title='bbox 1825 1197 1926 1261; x_wconf 89' lang='lat' dir='ltr'><strong>Esdr.</strong></span> <span class='ocrx_word' id='word_1_90' title='bbox 1943 1213 1974 1260; x_wconf 93' lang='lat' dir='ltr'><strong>c.</strong></span> <span class='ocrx_word' id='word_1_91' title='bbox 1994 1197 2065 1274; x_wconf 73' lang='lat' dir='ltr'><strong>Aa,</strong></span> <span class='ocrx_word' id='word_1_92' title='bbox 2085 1203 2129 1266; x_wconf 90' lang='lat' dir='ltr'><strong>ubi</strong></span> 
     </span>
    </p>
   </div>
   <div class='ocr_carea' id='block_1_3' title="bbox 260 1277 2129 1360">
    <p class='ocr_par' dir='ltr' id='par_1_3' title="bbox 260 1277 2129 1360">
     <span class='ocr_line' id='line_1_8' title="bbox 260 1277 2129 1360; baseline 0.001 -18"><span class='ocrx_word' id='word_1_93' title='bbox 260 1277 264 1282; x_wconf 85' lang='grc'><strong>’</strong></span> <span class='ocrx_word' id='word_1_94' title='bbox 349 1281 406 1342; x_wconf 88' lang='lat' dir='ltr'><strong>sed</strong></span> <span class='ocrx_word' id='word_1_95' title='bbox 422 1285 528 1340; x_wconf 88' lang='lat' dir='ltr'><strong>cantra</strong></span> <span class='ocrx_word' id='word_1_96' title='bbox 544 1280 734 1360; x_wconf 71' lang='lat' dir='ltr'><strong>potiusquis</strong></span> <span class='ocrx_word' id='word_1_97' title='bbox 749 1296 820 1343; x_wconf 91' lang='lat' dir='ltr'><strong>cam</strong></span> <span class='ocrx_word' id='word_1_98' title='bbox 836 1280 904 1358; x_wconf 90' lang='lat' dir='ltr'><strong>ipse</strong></span> <span class='ocrx_word' id='word_1_99' title='bbox 919 1284 1012 1360; x_wconf 90' lang='lat' dir='ltr'><strong>gente</strong></span> <span class='ocrx_word' id='word_1_100' title='bbox 1024 1277 1153 1340; x_wconf 88' lang='lat' dir='ltr'><strong>macedo</strong></span> <span class='ocrx_word' id='word_1_101' title='bbox 1168 1291 1218 1338; x_wconf 90' lang='lat' dir='ltr'><strong>es·</strong></span> <span class='ocrx_word' id='word_1_102' title='bbox 1263 1285 1424 1344; x_wconf 80' lang='lat' dir='ltr'>enumerat</span> <span class='ocrx_word' id='word_1_103' title='bbox 1439 1279 1602 1348; x_wconf 87' lang='lat' dir='ltr'><strong>llehcmias</strong></span> <span class='ocrx_word' id='word_1_104' title='bbox 1618 1296 1748 1360; x_wconf 88' lang='lat' dir='ltr'><strong>magnos</strong></span> <span class='ocrx_word' id='word_1_105' title='bbox 1763 1281 1952 1348; x_wconf 78' lang='lat' dir='ltr'>sacerdotes</span> <span class='ocrx_word' id='word_1_106' title='bbox 1967 1297 1985 1340; x_wconf 93' lang='lat' dir='ltr'><strong>a</strong></span> <span class='ocrx_word' id='word_1_107' title='bbox 2000 1279 2089 1344; x_wconf 87' lang='lat' dir='ltr'><strong>Jcsue</strong></span> <span class='ocrx_word' id='word_1_108' title='bbox 2101 1285 2129 1346; x_wconf 87' lang='lat' dir='ltr'><strong>ir·</strong></span> 
     </span>
    </p>
   </div>
   <div class='ocr_carea' id='block_1_4' title="bbox 288 1359 2131 5863">
    <p class='ocr_par' dir='ltr' id='par_1_4' title="bbox 348 1359 2129 1852">
     <span class='ocr_line' id='line_1_9' title="bbox 349 1359 2128 1440; baseline 0.002 -17"><span class='ocrx_word' id='word_1_109' title='bbox 349 1367 410 1436; x_wconf 89' lang='grc' dir='ltr'><strong>εει,</strong></span> <span class='ocrx_word' id='word_1_110' title='bbox 428 1361 522 1423; x_wconf 85' lang='grc' dir='ltr'><strong>ιοιιιιι</strong></span> <span class='ocrx_word' id='word_1_111' title='bbox 536 1368 660 1440; x_wconf 89' lang='lat' dir='ltr'><strong>gentem</strong></span> <span class='ocrx_word' id='word_1_112' title='bbox 672 1377 760 1424; x_wconf 87' lang='lat' dir='ltr'><strong>suam</strong></span> <span class='ocrx_word' id='word_1_113' title='bbox 774 1378 830 1440; x_wconf 91' lang='lat' dir='ltr'><strong>pcr</strong></span> <span class='ocrx_word' id='word_1_114' title='bbox 845 1377 881 1423; x_wconf 90' lang='lat' dir='ltr'><strong>ea</strong></span> <span class='ocrx_word' id='word_1_115' title='bbox 898 1367 1035 1439; x_wconf 88' lang='lat' dir='ltr'><strong>tempora</strong></span> <span class='ocrx_word' id='word_1_116' title='bbox 1051 1359 1217 1422; x_wconf 78' lang='lat' dir='ltr'><strong>obscuram</strong></span> <span class='ocrx_word' id='word_1_117' title='bbox 1261 1361 1303 1424; x_wconf 92' lang='lat' dir='ltr'><strong>lio</strong></span> <span class='ocrx_word' id='word_1_118' title='bbox 1318 1362 1476 1424; x_wconf 70' lang='lat' dir='ltr'><strong>,Iosedech</strong></span> <span class='ocrx_word' id='word_1_119' title='bbox 1490 1378 1591 1440; x_wconf 91' lang='lat' dir='ltr'><strong>usque</strong></span> <span class='ocrx_word' id='word_1_120' title='bbox 1606 1362 1644 1423; x_wconf 84' lang='lat' dir='ltr'><strong>erl</strong></span> <span class='ocrx_word' id='word_1_121' title='bbox 1658 1361 1804 1436; x_wconf 88' lang='lat' dir='ltr'><strong>laddum,</strong></span> <span class='ocrx_word' id='word_1_122' title='bbox 1818 1377 1920 1440; x_wconf 90' lang='lat' dir='ltr'><strong>quem</strong></span> <span class='ocrx_word' id='word_1_123' title='bbox 1933 1367 2054 1424; x_wconf 88' lang='lat' dir='ltr'><strong>constat</strong></span> <span class='ocrx_word' id='word_1_124' title='bbox 2065 1372 2128 1428; x_wconf 90' lang='lat' dir='ltr'><strong>tem·</strong></span> 
     </span>
     <span class='ocr_line' id='line_1_10' title="bbox 349 1443 2128 1523; baseline 0.003 -19"><span class='ocrx_word' id='word_1_125' title='bbox 349 1443 590 1505; x_wconf 87' lang='lat' dir='ltr'><strong>illustrissimam</strong></span> <span class='ocrx_word' id='word_1_126' title='bbox 606 1445 748 1518; x_wconf 88' lang='lat' dir='ltr'><strong>reddere,</strong></span> <span class='ocrx_word' id='word_1_127' title='bbox 765 1445 910 1506; x_wconf 89' lang='lat' dir='ltr'><strong>translato</strong></span> <span class='ocrx_word' id='word_1_128' title='bbox 925 1443 1011 1506; x_wconf 91' lang='lat' dir='ltr'><strong>adse</strong></span> <span class='ocrx_word' id='word_1_129' title='bbox 1027 1447 1059 1505; x_wconf 93' lang='lat' dir='ltr'><strong>et</strong></span> <span class='ocrx_word' id='word_1_130' title='bbox 1072 1456 1150 1504; x_wconf 90' lang='lat' dir='ltr'><strong>suos</strong></span> <span class='ocrx_word' id='word_1_131' title='bbox 1164 1455 1218 1502; x_wconf 94' lang='lat' dir='ltr'><strong>uo·</strong></span> <span class='ocrx_word' id='word_1_132' title='bbox 1262 1443 1392 1522; x_wconf 91' lang='lat' dir='ltr'><strong>poribus</strong></span> <span class='ocrx_word' id='word_1_133' title='bbox 1411 1443 1573 1506; x_wconf 78' lang='lat' dir='ltr'><strong>Alexandri</strong></span> <span class='ocrx_word' id='word_1_134' title='bbox 1595 1443 1696 1523; x_wconf 87' lang='lat' dir='ltr'><strong>Atagni</strong></span> <span class='ocrx_word' id='word_1_135' title='bbox 1717 1443 1896 1506; x_wconf 88' lang='lat' dir='ltr'><strong>sacerdotio</strong></span> <span class='ocrx_word' id='word_1_136' title='bbox 1920 1443 2072 1508; x_wconf 88' lang='lat' dir='ltr'><strong>iunctum.</strong></span> <span class='ocrx_word' id='word_1_137' title='bbox 2093 1449 2128 1512; x_wconf 86' lang='lat' dir='ltr'><strong>Ex</strong></span> 
     </span>
     <span class='ocr_line' id='line_1_11' title="bbox 348 1523 2129 1607; baseline 0.002 -20"><span class='ocrx_word' id='word_1_138' title='bbox 348 1524 502 1587; x_wconf 88' lang='lat' dir='ltr'><strong>bilissimo</strong></span> <span class='ocrx_word' id='word_1_139' title='bbox 518 1525 659 1604; x_wconf 89' lang='lat' dir='ltr'><strong>imperio.</strong></span> <span class='ocrx_word' id='word_1_140' title='bbox 1263 1541 1325 1604; x_wconf 94' lang='lat' dir='ltr'><strong>quo</strong></span> <span class='ocrx_word' id='word_1_141' title='bbox 1340 1526 1430 1604; x_wconf 90' lang='lat' dir='ltr'><strong>sequi</strong></span> <span class='ocrx_word' id='word_1_142' title='bbox 1447 1526 1576 1598; x_wconf 88' lang='lat' dir='ltr'><strong>videtur,</strong></span> <span class='ocrx_word' id='word_1_143' title='bbox 1590 1531 1623 1590; x_wconf 91' lang='lat' dir='ltr'><strong>ut</strong></span> <span class='ocrx_word' id='word_1_144' title='bbox 1636 1525 1911 1604; x_wconf 84' lang='lat' dir='ltr'><strong>pauciadmodum</strong></span> <span class='ocrx_word' id='word_1_145' title='bbox 1924 1523 2040 1588; x_wconf 89' lang='lat' dir='ltr'><strong>luerint</strong></span> <span class='ocrx_word' id='word_1_146' title='bbox 2051 1545 2129 1607; x_wconf 84' lang='lat' dir='ltr'><strong>reges</strong></span> 
     </span>
     <span class='ocr_line' id='line_1_12' title="bbox 349 1603 2129 1688; baseline 0.004 -22"><span class='ocrx_word' id='word_1_147' title='bbox 349 1637 354 1644; x_wconf 92' lang='lat'><em>·</em></span> <span class='ocrx_word' id='word_1_148' title='bbox 391 1608 446 1668; x_wconf 91' lang='lat' dir='ltr'><strong>Est</strong></span> <span class='ocrx_word' id='word_1_149' title='bbox 460 1613 561 1668; x_wconf 90' lang='lat' dir='ltr'><strong>tamen</strong></span> <span class='ocrx_word' id='word_1_150' title='bbox 576 1607 790 1686; x_wconf 88' lang='lat' dir='ltr'><strong>improbabilis</strong></span> <span class='ocrx_word' id='word_1_151' title='bbox 811 1607 890 1670; x_wconf 91' lang='lat' dir='ltr'><strong>haec</strong></span> <span class='ocrx_word' id='word_1_152' title='bbox 911 1605 1078 1669; x_wconf 87' lang='lat' dir='ltr'><strong>sententia.</strong></span> <span class='ocrx_word' id='word_1_153' title='bbox 1101 1603 1215 1681; x_wconf 91' lang='lat' dir='ltr'><strong>Primo,</strong></span> <span class='ocrx_word' id='word_1_154' title='bbox 1262 1623 1436 1686; x_wconf 78' lang='lat' dir='ltr'><strong>persarum,</strong></span> <span class='ocrx_word' id='word_1_155' title='bbox 1453 1624 1523 1669; x_wconf 92' lang='lat' dir='ltr'><strong>cum</strong></span> <span class='ocrx_word' id='word_1_156' title='bbox 1539 1606 1717 1681; x_wconf 87' lang='lat' dir='ltr'><strong>Nehemias‚</strong></span> <span class='ocrx_word' id='word_1_157' title='bbox 1733 1606 1787 1685; x_wconf 90' lang='lat' dir='ltr'><strong>qui</strong></span> <span class='ocrx_word' id='word_1_158' title='bbox 1803 1613 1951 1686; x_wconf 87' lang='lat' dir='ltr'><strong>tempore</strong></span> <span class='ocrx_word' id='word_1_159' title='bbox 1968 1605 2037 1684; x_wconf 73' lang='lat' dir='ltr'><strong>Cyri</strong></span> <span class='ocrx_word' id='word_1_160' title='bbox 2052 1613 2129 1688; x_wconf 90' lang='lat' dir='ltr'><strong>primi</strong></span> 
     </span>
     <span class='ocr_line' id='line_1_13' title="bbox 348 1688 2128 1771; baseline 0.002 -20"><span class='ocrx_word' id='word_1_161' title='bbox 348 1689 420 1767; x_wconf 89' lang='lat' dir='ltr'><strong>quia</strong></span> <span class='ocrx_word' id='word_1_162' title='bbox 448 1689 575 1750; x_wconf 91' lang='lat' dir='ltr'><strong>maritus</strong></span> <span class='ocrx_word' id='word_1_163' title='bbox 597 1690 708 1752; x_wconf 88' lang='lat' dir='ltr'><strong>Esther</strong></span> <span class='ocrx_word' id='word_1_164' title='bbox 729 1691 847 1769; x_wconf 89' lang='lat' dir='ltr'><strong>passim</strong></span> <span class='ocrx_word' id='word_1_165' title='bbox 874 1689 987 1752; x_wconf 91' lang='lat' dir='ltr'><strong>dicitur</strong></span> <span class='ocrx_word' id='word_1_166' title='bbox 1015 1689 1215 1760; x_wconf 82' lang='lat' dir='ltr'><strong>Artaxerxes,</strong></span> <span class='ocrx_word' id='word_1_167' title='bbox 1262 1689 1404 1768; x_wconf 85' lang='lat' dir='ltr'><strong>regisvir</strong></span> <span class='ocrx_word' id='word_1_168' title='bbox 1417 1694 1552 1758; x_wconf 90' lang='lat' dir='ltr'><strong>maturus</strong></span> <span class='ocrx_word' id='word_1_169' title='bbox 1564 1693 1640 1764; x_wconf 89' lang='lat' dir='ltr'><strong>erat,</strong></span> <span class='ocrx_word' id='word_1_170' title='bbox 1650 1694 1788 1768; x_wconf 85' lang='lat' dir='ltr'><strong>teurpcra</strong></span> <span class='ocrx_word' id='word_1_171' title='bbox 1800 1688 1973 1752; x_wconf 88' lang='lat' dir='ltr'><strong>Alexandri</strong></span> <span class='ocrx_word' id='word_1_172' title='bbox 1986 1690 2083 1771; x_wconf 84' lang='lat' dir='ltr'><strong>lingui</strong></span> <span class='ocrx_word' id='word_1_173' title='bbox 2093 1701 2128 1754; x_wconf 85' lang='lat' dir='ltr'><strong>ct·</strong></span> 
     </span>
     <span class='ocr_line' id='line_1_14' title="bbox 349 1767 2040 1852; baseline 0.001 -20"><span class='ocrx_word' id='word_1_174' title='bbox 349 1771 431 1849; x_wconf 89' lang='lat' dir='ltr'><strong>quod</strong></span> <span class='ocrx_word' id='word_1_175' title='bbox 448 1786 560 1832; x_wconf 90' lang='lat' dir='ltr'><strong>nomeu</strong></span> <span class='ocrx_word' id='word_1_176' title='bbox 573 1773 674 1834; x_wconf 92' lang='lat' dir='ltr'><strong>medis</strong></span> <span class='ocrx_word' id='word_1_177' title='bbox 686 1787 749 1833; x_wconf 93' lang='lat' dir='ltr'><strong>nou</strong></span> <span class='ocrx_word' id='word_1_178' title='bbox 761 1772 993 1848; x_wconf 83' lang='lat' dir='ltr'><strong>conuenit,cum</strong></span> <span class='ocrx_word' id='word_1_179' title='bbox 1005 1771 1045 1833; x_wconf 91' lang='lat' dir='ltr'><strong>sit</strong></span> <span class='ocrx_word' id='word_1_180' title='bbox 1057 1767 1217 1850; x_wconf 87' lang='lat' dir='ltr'><strong>proprium</strong></span> <span class='ocrx_word' id='word_1_181' title='bbox 1263 1771 1377 1852; x_wconf 86' lang='lat' dir='ltr'><strong>tigerit,</strong></span> <span class='ocrx_word' id='word_1_182' title='bbox 1395 1771 1447 1851; x_wconf 92' lang='lat' dir='ltr'><strong>qui</strong></span> <span class='ocrx_word' id='word_1_183' title='bbox 1463 1785 1626 1850; x_wconf 86' lang='lat' dir='ltr'><strong>persarum</strong></span> <span class='ocrx_word' id='word_1_184' title='bbox 1640 1771 1854 1836; x_wconf 82' lang='lat' dir='ltr'><strong>monarchiam</strong></span> <span class='ocrx_word' id='word_1_185' title='bbox 1872 1771 2040 1834; x_wconf 77' lang='lat' dir='ltr'><strong>destruxit.</strong></span> 
     </span>
    </p>

    <p class='ocr_par' dir='ltr' id='par_1_5' title="bbox 345 1852 2129 1932">
     <span class='ocr_line' id='line_1_15' title="bbox 345 1852 2129 1932; baseline 0.002 -18"><span class='ocrx_word' id='word_1_186' title='bbox 345 1868 454 1928; x_wconf 85' lang='lat' dir='ltr'><strong>regum</strong></span> <span class='ocrx_word' id='word_1_187' title='bbox 466 1868 638 1930; x_wconf 89' lang='lat' dir='ltr'><strong>persarum.</strong></span> <span class='ocrx_word' id='word_1_188' title='bbox 1304 1853 1363 1916; x_wconf 88' lang='lat' dir='ltr'><strong>Sed</strong></span> <span class='ocrx_word' id='word_1_189' title='bbox 1388 1855 1463 1916; x_wconf 91' lang='lat' dir='ltr'><strong>haec</strong></span> <span class='ocrx_word' id='word_1_190' title='bbox 1481 1852 1668 1932; x_wconf 88' lang='lat' dir='ltr'><strong>judaeorum</strong></span> <span class='ocrx_word' id='word_1_191' title='bbox 1687 1853 1792 1932; x_wconf 88' lang='lat' dir='ltr'><strong>opinio</strong></span> <span class='ocrx_word' id='word_1_192' title='bbox 1817 1853 1909 1916; x_wconf 92' lang='lat' dir='ltr'><strong>nullo</strong></span> <span class='ocrx_word' id='word_1_193' title='bbox 1936 1853 2030 1915; x_wconf 92' lang='lat' dir='ltr'><strong>modo</strong></span> <span class='ocrx_word' id='word_1_194' title='bbox 2051 1855 2129 1918; x_wconf 91' lang='lat' dir='ltr'><strong>nobis</strong></span> 
     </span>
    </p>

    <p class='ocr_par' dir='ltr' id='par_1_6' title="bbox 309 1929 2131 2753">
     <span class='ocr_line' id='line_1_16' title="bbox 390 1929 2129 2016; baseline 0.003 -21"><span class='ocrx_word' id='word_1_195' title='bbox 390 1935 547 2008; x_wconf 88' lang='lat' dir='ltr'><strong>Secundo,</strong></span> <span class='ocrx_word' id='word_1_196' title='bbox 564 1936 635 2016; x_wconf 92' lang='lat' dir='ltr'><strong>quia</strong></span> <span class='ocrx_word' id='word_1_197' title='bbox 652 1935 778 1998; x_wconf 88' lang='lat' dir='ltr'><strong>maritus</strong></span> <span class='ocrx_word' id='word_1_198' title='bbox 799 1935 912 1998; x_wconf 90' lang='lat' dir='ltr'><strong>Esther</strong></span> <span class='ocrx_word' id='word_1_199' title='bbox 932 1933 1086 2013; x_wconf 73' lang='lat' dir='ltr'><strong>regnabat</strong></span> <span class='ocrx_word' id='word_1_200' title='bbox 1105 1932 1144 1994; x_wconf 90' lang='lat' dir='ltr'><strong>ab</strong></span> <span class='ocrx_word' id='word_1_201' title='bbox 1165 1929 1217 1992; x_wconf 91' lang='lat' dir='ltr'><strong>Iu·</strong></span> <span class='ocrx_word' id='word_1_202' title='bbox 1262 1934 1385 2014; x_wconf 86' lang='lat' dir='ltr'><strong>probari</strong></span> <span class='ocrx_word' id='word_1_203' title='bbox 1402 1941 1514 2014; x_wconf 88' lang='lat' dir='ltr'><strong>potest.</strong></span> <span class='ocrx_word' id='word_1_204' title='bbox 1527 1933 1600 1996; x_wconf 88' lang='lat' dir='ltr'><strong>Nam</strong></span> <span class='ocrx_word' id='word_1_205' title='bbox 1612 1933 1766 1998; x_wconf 89' lang='lat' dir='ltr'><strong>Assuerus</strong></span> <span class='ocrx_word' id='word_1_206' title='bbox 1778 1933 2129 2016; x_wconf 85' lang='lat' dir='ltr'><strong>maritusEsthersupra</strong></span> 
     </span>
     <span class='ocr_line' id='line_1_17' title="bbox 309 2014 2130 2096; baseline 0.002 -21"><span class='ocrx_word' id='word_1_207' title='bbox 309 2053 313 2059; x_wconf 37' lang='grc' dir='ltr'><strong>ι</strong></span> <span class='ocrx_word' id='word_1_208' title='bbox 347 2014 397 2076; x_wconf 90' lang='lat' dir='ltr'><strong>dia</strong></span> <span class='ocrx_word' id='word_1_209' title='bbox 413 2032 513 2094; x_wconf 90' lang='lat' dir='ltr'><strong>usque</strong></span> <span class='ocrx_word' id='word_1_210' title='bbox 529 2018 568 2079; x_wconf 92' lang='lat' dir='ltr'><strong>ad</strong></span> <span class='ocrx_word' id='word_1_211' title='bbox 582 2018 777 2096; x_wconf 73' lang='lat' dir='ltr'><strong>Ethiopiam</strong></span> <span class='ocrx_word' id='word_1_212' title='bbox 793 2019 906 2080; x_wconf 79' lang='lat' dir='ltr'><strong>Esther</strong></span> <span class='ocrx_word' id='word_1_213' title='bbox 928 2017 957 2078; x_wconf 92' lang='grc' dir='ltr'><strong>ι.</strong></span> <span class='ocrx_word' id='word_1_214' title='bbox 976 2017 1147 2093; x_wconf 81' lang='lat' dir='ltr'><strong>Numquam</strong></span> <span class='ocrx_word' id='word_1_215' title='bbox 1163 2029 1217 2075; x_wconf 89' lang='lat' dir='ltr'><strong>au·</strong></span> <span class='ocrx_word' id='word_1_216' title='bbox 1263 2017 1429 2080; x_wconf 88' lang='lat' dir='ltr'><strong>duodecim</strong></span> <span class='ocrx_word' id='word_1_217' title='bbox 1445 2031 1545 2079; x_wconf 87' lang='lat' dir='ltr'><strong>arrrros</strong></span> <span class='ocrx_word' id='word_1_218' title='bbox 1559 2015 1714 2095; x_wconf 85' lang='lat' dir='ltr'><strong>regnavit,</strong></span> <span class='ocrx_word' id='word_1_219' title='bbox 1737 2015 1826 2079; x_wconf 92' lang='lat' dir='ltr'><strong>Esth.</strong></span> <span class='ocrx_word' id='word_1_220' title='bbox 1850 2017 1884 2078; x_wconf 81' lang='lat'><strong>3.</strong></span> <span class='ocrx_word' id='word_1_221' title='bbox 1904 2015 2074 2096; x_wconf 78' lang='lat' dir='ltr'><strong>Cambyses</strong></span> <span class='ocrx_word' id='word_1_222' title='bbox 2088 2037 2130 2080; x_wconf 91' lang='lat' dir='ltr'><strong>au·</strong></span> 
     </span>
     <span class='ocr_line' id='line_1_18' title="bbox 346 2094 2129 2178; baseline 0.002 -20"><span class='ocrx_word' id='word_1_223' title='bbox 346 2103 409 2160; x_wconf 87' lang='lat' dir='ltr'><strong>tem</strong></span> <span class='ocrx_word' id='word_1_224' title='bbox 425 2097 505 2160; x_wconf 84' lang='lat' dir='ltr'><strong>Aledi</strong></span> <span class='ocrx_word' id='word_1_225' title='bbox 521 2104 580 2160; x_wconf 90' lang='lat' dir='ltr'><strong>iam</strong></span> <span class='ocrx_word' id='word_1_226' title='bbox 595 2101 733 2178; x_wconf 87' lang='lat' dir='ltr'><strong>amplum</strong></span> <span class='ocrx_word' id='word_1_227' title='bbox 749 2099 912 2178; x_wconf 89' lang='lat' dir='ltr'><strong>imperium</strong></span> <span class='ocrx_word' id='word_1_228' title='bbox 928 2094 1215 2178; x_wconf 80' lang='lat' dir='ltr'><strong>possederuntLu·</strong></span> <span class='ocrx_word' id='word_1_229' title='bbox 1262 2104 1325 2162; x_wconf 89' lang='lat' dir='ltr'><strong>tem</strong></span> <span class='ocrx_word' id='word_1_230' title='bbox 1343 2115 1403 2160; x_wconf 91' lang='lat' dir='ltr'><strong>non</strong></span> <span class='ocrx_word' id='word_1_231' title='bbox 1420 2099 1492 2161; x_wconf 85' lang='lat' dir='ltr'><strong>vixit</strong></span> <span class='ocrx_word' id='word_1_232' title='bbox 1506 2099 1538 2160; x_wconf 94' lang='lat' dir='ltr'><strong>iu</strong></span> <span class='ocrx_word' id='word_1_233' title='bbox 1553 2113 1651 2176; x_wconf 88' lang='lat' dir='ltr'><strong>reguo</strong></span> <span class='ocrx_word' id='word_1_234' title='bbox 1669 2097 1730 2160; x_wconf 89' lang='lat' dir='ltr'><strong>nisi</strong></span> <span class='ocrx_word' id='word_1_235' title='bbox 1744 2115 1843 2160; x_wconf 89' lang='lat' dir='ltr'><strong>annos</strong></span> <span class='ocrx_word' id='word_1_236' title='bbox 1860 2103 1989 2178; x_wconf 85' lang='lat' dir='ltr'><strong>septem</strong></span> <span class='ocrx_word' id='word_1_237' title='bbox 2013 2107 2042 2160; x_wconf 91' lang='lat' dir='ltr'><strong>et</strong></span> <span class='ocrx_word' id='word_1_238' title='bbox 2056 2116 2129 2164; x_wconf 91' lang='lat' dir='ltr'><strong>men-</strong></span> 
     </span>
     <span class='ocr_line' id='line_1_19' title="bbox 347 2179 2130 2261; baseline 0.004 -22"><span class='ocrx_word' id='word_1_239' title='bbox 347 2180 472 2258; x_wconf 91' lang='lat' dir='ltr'><strong>quimur</strong></span> <span class='ocrx_word' id='word_1_240' title='bbox 486 2187 589 2243; x_wconf 90' lang='lat' dir='ltr'><strong>autem</strong></span> <span class='ocrx_word' id='word_1_241' title='bbox 604 2182 644 2244; x_wconf 90' lang='lat' dir='ltr'><strong>de</strong></span> <span class='ocrx_word' id='word_1_242' title='bbox 657 2182 849 2260; x_wconf 86' lang='lat' dir='ltr'><strong>temporibus</strong></span> <span class='ocrx_word' id='word_1_243' title='bbox 863 2181 951 2261; x_wconf 88' lang='lat' dir='ltr'><strong>regui</strong></span> <span class='ocrx_word' id='word_1_244' title='bbox 970 2179 1129 2242; x_wconf 91' lang='lat' dir='ltr'><strong>medorum</strong></span> <span class='ocrx_word' id='word_1_245' title='bbox 1145 2181 1217 2240; x_wconf 90' lang='lat' dir='ltr'><strong>autc</strong></span> <span class='ocrx_word' id='word_1_246' title='bbox 1262 2197 1315 2244; x_wconf 93' lang='lat' dir='ltr'><strong>ses</strong></span> <span class='ocrx_word' id='word_1_247' title='bbox 1331 2181 1481 2260; x_wconf 88' lang='lat' dir='ltr'><strong>quinque,</strong></span> <span class='ocrx_word' id='word_1_248' title='bbox 1495 2179 1583 2260; x_wconf 80' lang='lat' dir='ltr'><strong>juxta</strong></span> <span class='ocrx_word' id='word_1_249' title='bbox 1597 2179 1785 2242; x_wconf 90' lang='lat' dir='ltr'><strong>Herodotum</strong></span> <span class='ocrx_word' id='word_1_250' title='bbox 1801 2180 1885 2242; x_wconf 93' lang='lat' dir='ltr'><strong>libro</strong></span> <span class='ocrx_word' id='word_1_251' title='bbox 1909 2180 1956 2255; x_wconf 87' lang='grc'><strong>3.,</strong></span> <span class='ocrx_word' id='word_1_252' title='bbox 1981 2182 2030 2242; x_wconf 88' lang='lat' dir='ltr'><strong>vel</strong></span> <span class='ocrx_word' id='word_1_253' title='bbox 2045 2199 2130 2246; x_wconf 89' lang='lat' dir='ltr'><strong>annus</strong></span> 
     </span>
     <span class='ocr_line' id='line_1_20' title="bbox 349 2259 2129 2340; baseline 0.003 -18"><span class='ocrx_word' id='word_1_254' title='bbox 349 2262 418 2340; x_wconf 80' lang='lat' dir='ltr'><strong>Gyri</strong></span> <span class='ocrx_word' id='word_1_255' title='bbox 435 2263 654 2325; x_wconf 84' lang='lat' dir='ltr'><strong>monarchiam:</strong></span> <span class='ocrx_word' id='word_1_256' title='bbox 672 2264 795 2326; x_wconf 86' lang='lat' dir='ltr'><strong>tametsi</strong></span> <span class='ocrx_word' id='word_1_257' title='bbox 808 2264 893 2326; x_wconf 94' lang='lat' dir='ltr'><strong>enim</strong></span> <span class='ocrx_word' id='word_1_258' title='bbox 908 2278 946 2326; x_wconf 91' lang='lat' dir='ltr'><strong>eo</strong></span> <span class='ocrx_word' id='word_1_259' title='bbox 957 2268 1100 2340; x_wconf 90' lang='lat' dir='ltr'><strong>tempore</strong></span> <span class='ocrx_word' id='word_1_260' title='bbox 1115 2259 1217 2338; x_wconf 85' lang='lat' dir='ltr'><strong>majus</strong></span> <span class='ocrx_word' id='word_1_261' title='bbox 1263 2268 1380 2327; x_wconf 87' lang='lat' dir='ltr'><strong>tautum</strong></span> <span class='ocrx_word' id='word_1_262' title='bbox 1392 2264 1492 2336; x_wconf 88' lang='lat' dir='ltr'><strong>sex,si</strong></span> <span class='ocrx_word' id='word_1_263' title='bbox 1508 2263 1648 2340; x_wconf 87' lang='lat' dir='ltr'><strong>losepho</strong></span> <span class='ocrx_word' id='word_1_264' title='bbox 1659 2261 1795 2325; x_wconf 90' lang='lat' dir='ltr'><strong>hebraeo</strong></span> <span class='ocrx_word' id='word_1_265' title='bbox 1807 2262 1986 2336; x_wconf 90' lang='lat' dir='ltr'><strong>credimus,</strong></span> <span class='ocrx_word' id='word_1_266' title='bbox 2003 2263 2129 2328; x_wconf 90' lang='lat' dir='ltr'><strong>libroll.</strong></span> 
     </span>
     <span class='ocr_line' id='line_1_21' title="bbox 349 2341 2130 2424; baseline 0.002 -20"><span class='ocrx_word' id='word_1_267' title='bbox 349 2348 435 2406; x_wconf 89' lang='lat' dir='ltr'><strong>esset</strong></span> <span class='ocrx_word' id='word_1_268' title='bbox 449 2343 610 2406; x_wconf 86' lang='lat' dir='ltr'><strong>medorum</strong></span> <span class='ocrx_word' id='word_1_269' title='bbox 625 2361 717 2424; x_wconf 89' lang='lat' dir='ltr'><strong>quam</strong></span> <span class='ocrx_word' id='word_1_270' title='bbox 732 2361 892 2424; x_wconf 90' lang='lat' dir='ltr'><strong>persarum</strong></span> <span class='ocrx_word' id='word_1_271' title='bbox 907 2348 1127 2423; x_wconf 72' lang='lat' dir='ltr'><strong>reguummts.</strong></span> <span class='ocrx_word' id='word_1_272' title='bbox 1143 2342 1216 2406; x_wconf 88' lang='lat' dir='ltr'><strong>Hie·</strong></span> <span class='ocrx_word' id='word_1_273' title='bbox 1265 2344 1406 2423; x_wconf 81' lang='lat' dir='ltr'><strong>antiquit.</strong></span> <span class='ocrx_word' id='word_1_274' title='bbox 1423 2361 1493 2423; x_wconf 84' lang='lat' dir='ltr'><strong>cap.</strong></span> <span class='ocrx_word' id='word_1_275' title='bbox 1509 2345 1558 2418; x_wconf 73' lang='grc'><strong>2.,</strong></span> <span class='ocrx_word' id='word_1_276' title='bbox 1575 2343 1690 2422; x_wconf 91' lang='lat' dir='ltr'><strong>quihus</strong></span> <span class='ocrx_word' id='word_1_277' title='bbox 1705 2359 1815 2408; x_wconf 92' lang='lat' dir='ltr'><strong>omues</strong></span> <span class='ocrx_word' id='word_1_278' title='bbox 1834 2341 1890 2406; x_wconf 91' lang='lat' dir='ltr'><strong>alii</strong></span> <span class='ocrx_word' id='word_1_279' title='bbox 1907 2344 2078 2424; x_wconf 78' lang='lat' dir='ltr'><strong>scriptores</strong></span> <span class='ocrx_word' id='word_1_280' title='bbox 2091 2364 2130 2408; x_wconf 89' lang='lat' dir='ltr'><strong>as·</strong></span> 
     </span>
     <span class='ocr_line' id='line_1_22' title="bbox 346 2425 2131 2506; baseline 0.002 -19"><span class='ocrx_word' id='word_1_281' title='bbox 346 2441 496 2505; x_wconf 82' lang='lat' dir='ltr'><strong>ronymus</strong></span> <span class='ocrx_word' id='word_1_282' title='bbox 512 2430 642 2489; x_wconf 88' lang='lat' dir='ltr'><strong>testatur</strong></span> <span class='ocrx_word' id='word_1_283' title='bbox 655 2428 687 2489; x_wconf 94' lang='lat' dir='ltr'><strong>iu</strong></span> <span class='ocrx_word' id='word_1_284' title='bbox 703 2444 772 2506; x_wconf 89' lang='lat' dir='ltr'><strong>cap.</strong></span> <span class='ocrx_word' id='word_1_285' title='bbox 800 2427 831 2490; x_wconf 77' lang='lat'><strong>5.</strong></span> <span class='ocrx_word' id='word_1_286' title='bbox 846 2426 998 2503; x_wconf 89' lang='lat' dir='ltr'><strong>Danielis;</strong></span> <span class='ocrx_word' id='word_1_287' title='bbox 1023 2441 1088 2487; x_wconf 90' lang='lat' dir='ltr'><strong>nou</strong></span> <span class='ocrx_word' id='word_1_288' title='bbox 1112 2429 1217 2488; x_wconf 91' lang='lat' dir='ltr'><strong>tamen</strong></span> <span class='ocrx_word' id='word_1_289' title='bbox 1265 2427 1522 2491; x_wconf 81' lang='lat' dir='ltr'><strong>sentiunturAlcc</strong></span> <span class='ocrx_word' id='word_1_290' title='bbox 1534 2425 1781 2504; x_wconf 88' lang='lat' dir='ltr'><strong>possuutjudaei</strong></span> <span class='ocrx_word' id='word_1_291' title='bbox 1793 2426 1916 2503; x_wconf 92' lang='lat' dir='ltr'><strong>dicere,</strong></span> <span class='ocrx_word' id='word_1_292' title='bbox 1934 2427 2131 2506; x_wconf 87' lang='lat' dir='ltr'><strong>multosprae·</strong></span> 
     </span>
     <span class='ocr_line' id='line_1_23' title="bbox 348 2507 2130 2589; baseline 0.001 -19"><span class='ocrx_word' id='word_1_293' title='bbox 348 2514 413 2570; x_wconf 90' lang='lat' dir='ltr'><strong>erat</strong></span> <span class='ocrx_word' id='word_1_294' title='bbox 427 2523 557 2587; x_wconf 87' lang='lat' dir='ltr'><strong>regnum</strong></span> <span class='ocrx_word' id='word_1_295' title='bbox 582 2508 661 2572; x_wconf 91' lang='lat' dir='ltr'><strong>iliud</strong></span> <span class='ocrx_word' id='word_1_296' title='bbox 687 2511 847 2572; x_wconf 90' lang='lat' dir='ltr'><strong>medorum</strong></span> <span class='ocrx_word' id='word_1_297' title='bbox 863 2513 923 2570; x_wconf 87' lang='lat' dir='ltr'><strong>tem</strong></span> <span class='ocrx_word' id='word_1_298' title='bbox 938 2508 1096 2586; x_wconf 88' lang='lat' dir='ltr'><strong>amplum,</strong></span> <span class='ocrx_word' id='word_1_299' title='bbox 1123 2523 1217 2585; x_wconf 91' lang='lat' dir='ltr'><strong>quam</strong></span> <span class='ocrx_word' id='word_1_300' title='bbox 1267 2515 1350 2572; x_wconf 90' lang='lat' dir='ltr'><strong>terea</strong></span> <span class='ocrx_word' id='word_1_301' title='bbox 1365 2525 1464 2572; x_wconf 91' lang='lat' dir='ltr'><strong>annos</strong></span> <span class='ocrx_word' id='word_1_302' title='bbox 1476 2507 1659 2588; x_wconf 79' lang='lat' dir='ltr'><strong>Cambysem</strong></span> <span class='ocrx_word' id='word_1_303' title='bbox 1672 2524 1822 2588; x_wconf 77' lang='lat' dir='ltr'><strong>regnasse</strong></span> <span class='ocrx_word' id='word_1_304' title='bbox 1833 2525 1908 2571; x_wconf 93' lang='lat' dir='ltr'><strong>curu</strong></span> <span class='ocrx_word' id='word_1_305' title='bbox 1923 2515 2073 2587; x_wconf 87' lang='lat' dir='ltr'><strong>petrcsuo</strong></span> <span class='ocrx_word' id='word_1_306' title='bbox 2085 2508 2130 2589; x_wconf 75' lang='lat' dir='ltr'><strong>Ep·</strong></span> 
     </span>
     <span class='ocr_line' id='line_1_24' title="bbox 347 2587 2131 2672; baseline 0.003 -22"><span class='ocrx_word' id='word_1_307' title='bbox 347 2596 457 2668; x_wconf 87' lang='lat' dir='ltr'><strong>pastea</strong></span> <span class='ocrx_word' id='word_1_308' title='bbox 472 2589 529 2651; x_wconf 90' lang='lat' dir='ltr'><strong>luit</strong></span> <span class='ocrx_word' id='word_1_309' title='bbox 541 2591 719 2654; x_wconf 83' lang='lat' dir='ltr'><strong>monarchia</strong></span> <span class='ocrx_word' id='word_1_310' title='bbox 730 2606 914 2672; x_wconf 89' lang='lat' dir='ltr'><strong>persarum,</strong></span> <span class='ocrx_word' id='word_1_311' title='bbox 931 2590 997 2652; x_wconf 87' lang='lat' dir='ltr'><strong>sire</strong></span> <span class='ocrx_word' id='word_1_312' title='bbox 1009 2604 1139 2669; x_wconf 91' lang='lat' dir='ltr'><strong>reguum</strong></span> <span class='ocrx_word' id='word_1_313' title='bbox 1161 2588 1218 2653; x_wconf 89' lang='lat' dir='ltr'><strong>As·</strong></span> <span class='ocrx_word' id='word_1_314' title='bbox 1263 2607 1310 2664; x_wconf 89' lang='lat' dir='ltr'><strong>ro,</strong></span> <span class='ocrx_word' id='word_1_315' title='bbox 1324 2607 1393 2654; x_wconf 93' lang='lat' dir='ltr'><strong>cum</strong></span> <span class='ocrx_word' id='word_1_316' title='bbox 1407 2590 1509 2670; x_wconf 92' lang='lat' dir='ltr'><strong>ipsum</strong></span> <span class='ocrx_word' id='word_1_317' title='bbox 1520 2587 1631 2670; x_wconf 79' lang='lat' dir='ltr'><strong>Cyrum</strong></span> <span class='ocrx_word' id='word_1_318' title='bbox 1643 2589 1742 2654; x_wconf 87' lang='lat' dir='ltr'><strong>tribus</strong></span> <span class='ocrx_word' id='word_1_319' title='bbox 1755 2595 1873 2654; x_wconf 88' lang='lat' dir='ltr'><strong>tantum</strong></span> <span class='ocrx_word' id='word_1_320' title='bbox 1886 2591 1982 2654; x_wconf 88' lang='lat' dir='ltr'><strong>annis</strong></span> <span class='ocrx_word' id='word_1_321' title='bbox 1994 2606 2131 2671; x_wconf 81' lang='lat' dir='ltr'><strong>regnasse</strong></span> 
     </span>
     <span class='ocr_line' id='line_1_25' title="bbox 347 2671 1597 2753; baseline -0.001 -19"><span class='ocrx_word' id='word_1_322' title='bbox 347 2671 432 2734; x_wconf 90' lang='lat' dir='ltr'><strong>sueri</strong></span> <span class='ocrx_word' id='word_1_323' title='bbox 448 2672 547 2733; x_wconf 91' lang='lat' dir='ltr'><strong>mariti</strong></span> <span class='ocrx_word' id='word_1_324' title='bbox 562 2672 684 2735; x_wconf 88' lang='lat' dir='ltr'><strong>Esther.</strong></span> <span class='ocrx_word' id='word_1_325' title='bbox 1259 2673 1354 2736; x_wconf 92' lang='lat' dir='ltr'><strong>iidem</strong></span> <span class='ocrx_word' id='word_1_326' title='bbox 1367 2671 1474 2753; x_wconf 88' lang='lat' dir='ltr'><strong>judaei</strong></span> <span class='ocrx_word' id='word_1_327' title='bbox 1489 2673 1597 2735; x_wconf 81' lang='lat' dir='ltr'><strong>velini.</strong></span> 
     </span>
    </p>

    <p class='ocr_par' dir='ltr' id='par_1_7' title="bbox 348 2753 2130 2999">
     <span class='ocr_line' id='line_1_26' title="bbox 389 2753 2130 2835; baseline 0.001 -22"><span class='ocrx_word' id='word_1_328' title='bbox 389 2753 503 2827; x_wconf 83' lang='lat' dir='ltr'><strong>Tertio,</strong></span> <span class='ocrx_word' id='word_1_329' title='bbox 516 2755 588 2833; x_wconf 84' lang='lat' dir='ltr'><strong>quia</strong></span> <span class='ocrx_word' id='word_1_330' title='bbox 603 2754 731 2817; x_wconf 90' lang='lat' dir='ltr'><strong>maritus</strong></span> <span class='ocrx_word' id='word_1_331' title='bbox 744 2754 856 2818; x_wconf 77' lang='lat' dir='ltr'><strong>Esther</strong></span> <span class='ocrx_word' id='word_1_332' title='bbox 870 2769 906 2818; x_wconf 92' lang='lat' dir='ltr'><strong>se</strong></span> <span class='ocrx_word' id='word_1_333' title='bbox 920 2758 952 2817; x_wconf 92' lang='lat' dir='ltr'><strong>et</strong></span> <span class='ocrx_word' id='word_1_334' title='bbox 965 2769 1088 2834; x_wconf 89' lang='lat' dir='ltr'><strong>persam</strong></span> <span class='ocrx_word' id='word_1_335' title='bbox 1100 2757 1131 2815; x_wconf 93' lang='grc' dir='ltr'><strong>ει</strong></span> <span class='ocrx_word' id='word_1_336' title='bbox 1146 2766 1216 2831; x_wconf 81' lang='grc' dir='ltr'><strong>ρει·</strong></span> <span class='ocrx_word' id='word_1_337' title='bbox 1301 2755 1419 2818; x_wconf 82' lang='lat' dir='ltr'><strong>Deinde</strong></span> <span class='ocrx_word' id='word_1_338' title='bbox 1435 2753 1603 2834; x_wconf 70' lang='lat' dir='ltr'><strong>Cambyses</strong></span> <span class='ocrx_word' id='word_1_339' title='bbox 1625 2757 1687 2817; x_wconf 86' lang='lat' dir='ltr'><strong>tolo</strong></span> <span class='ocrx_word' id='word_1_340' title='bbox 1709 2758 1850 2834; x_wconf 89' lang='lat' dir='ltr'><strong>tempore</strong></span> <span class='ocrx_word' id='word_1_341' title='bbox 1870 2753 2000 2835; x_wconf 90' lang='lat' dir='ltr'><strong>imperii</strong></span> <span class='ocrx_word' id='word_1_342' title='bbox 2024 2753 2070 2816; x_wconf 89' lang='lat' dir='ltr'><strong>sui</strong></span> <span class='ocrx_word' id='word_1_343' title='bbox 2088 2755 2130 2834; x_wconf 85' lang='lat' dir='ltr'><strong>ju·</strong></span> 
     </span>
     <span class='ocr_line' id='line_1_27' title="bbox 348 2835 2130 2916; baseline 0.001 -19"><span class='ocrx_word' id='word_1_344' title='bbox 348 2851 453 2897; x_wconf 89' lang='lat' dir='ltr'><strong>sarum</strong></span> <span class='ocrx_word' id='word_1_345' title='bbox 467 2851 575 2915; x_wconf 91' lang='lat' dir='ltr'><strong>regem</strong></span> <span class='ocrx_word' id='word_1_346' title='bbox 591 2835 707 2899; x_wconf 91' lang='lat' dir='ltr'><strong>diserte</strong></span> <span class='ocrx_word' id='word_1_347' title='bbox 721 2842 821 2910; x_wconf 84' lang='lat' dir='ltr'><strong>vocat,</strong></span> <span class='ocrx_word' id='word_1_348' title='bbox 843 2836 956 2899; x_wconf 83' lang='lat' dir='ltr'><strong>Esther</strong></span> <span class='ocrx_word' id='word_1_349' title='bbox 982 2837 1039 2900; x_wconf 88' lang='lat' dir='ltr'><strong>ult.</strong></span> <span class='ocrx_word' id='word_1_350' title='bbox 1055 2836 1091 2896; x_wconf 95' lang='lat' dir='ltr'><strong>At</strong></span> <span class='ocrx_word' id='word_1_351' title='bbox 1103 2835 1216 2897; x_wconf 90' lang='lat' dir='ltr'><strong>Assue·</strong></span> <span class='ocrx_word' id='word_1_352' title='bbox 1260 2836 1355 2900; x_wconf 87' lang='lat' dir='ltr'><strong>decos</strong></span> <span class='ocrx_word' id='word_1_353' title='bbox 1370 2837 1667 2915; x_wconf 87' lang='lat' dir='ltr'><strong>odioprosequutus</strong></span> <span class='ocrx_word' id='word_1_354' title='bbox 1682 2841 1747 2911; x_wconf 91' lang='lat' dir='ltr'><strong>est,</strong></span> <span class='ocrx_word' id='word_1_355' title='bbox 1764 2853 1983 2916; x_wconf 88' lang='lat' dir='ltr'><strong>necunquam</strong></span> <span class='ocrx_word' id='word_1_356' title='bbox 2000 2836 2130 2915; x_wconf 85' lang='lat' dir='ltr'><strong>permisit</strong></span> 
     </span>
     <span class='ocr_line' id='line_1_28' title="bbox 348 2917 2130 2999; baseline 0 -21"><span class='ocrx_word' id='word_1_357' title='bbox 348 2917 457 2989; x_wconf 90' lang='lat' dir='ltr'><strong>rus,de</strong></span> <span class='ocrx_word' id='word_1_358' title='bbox 469 2933 531 2995; x_wconf 92' lang='lat' dir='ltr'><strong>quo</strong></span> <span class='ocrx_word' id='word_1_359' title='bbox 542 2918 642 2997; x_wconf 90' lang='lat' dir='ltr'><strong>agitur</strong></span> <span class='ocrx_word' id='word_1_360' title='bbox 652 2917 820 2990; x_wconf 78' lang='lat' dir='ltr'><strong>Dcu.tl.,de</strong></span> <span class='ocrx_word' id='word_1_361' title='bbox 832 2918 952 2980; x_wconf 91' lang='lat' dir='ltr'><strong>semine</strong></span> <span class='ocrx_word' id='word_1_362' title='bbox 963 2918 1126 2981; x_wconf 91' lang='lat' dir='ltr'><strong>medorum</strong></span> <span class='ocrx_word' id='word_1_363' title='bbox 1137 2922 1215 2978; x_wconf 88' lang='lat' dir='ltr'><strong>eret.</strong></span> <span class='ocrx_word' id='word_1_364' title='bbox 1260 2919 1410 2999; x_wconf 91' lang='lat' dir='ltr'><strong>templum</strong></span> <span class='ocrx_word' id='word_1_365' title='bbox 1423 2917 1580 2980; x_wconf 89' lang='lat' dir='ltr'><strong>aeditlcari</strong></span> <span class='ocrx_word' id='word_1_366' title='bbox 1592 2918 1836 2998; x_wconf 82' lang='lat' dir='ltr'><strong>llierosulymae3</strong></span> <span class='ocrx_word' id='word_1_367' title='bbox 1850 2925 1884 2980; x_wconf 90' lang='lat' dir='ltr'><strong>ut</strong></span> <span class='ocrx_word' id='word_1_368' title='bbox 1897 2925 2008 2998; x_wconf 90' lang='lat' dir='ltr'><strong>aperte</strong></span> <span class='ocrx_word' id='word_1_369' title='bbox 2021 2917 2130 2996; x_wconf 89' lang='lat' dir='ltr'><strong>colligi·</strong></span> 
     </span>
    </p>

    <p class='ocr_par' dir='ltr' id='par_1_8' title="bbox 288 2997 2129 3818">
     <span class='ocr_line' id='line_1_29' title="bbox 389 2997 2129 3080; baseline 0 -21"><span class='ocrx_word' id='word_1_370' title='bbox 389 2997 515 3073; x_wconf 74' lang='lat' dir='ltr'><strong>Quarto,</strong></span> <span class='ocrx_word' id='word_1_371' title='bbox 528 3000 600 3078; x_wconf 91' lang='lat' dir='ltr'><strong>quia</strong></span> <span class='ocrx_word' id='word_1_372' title='bbox 611 3001 739 3062; x_wconf 91' lang='lat' dir='ltr'><strong>maritus</strong></span> <span class='ocrx_word' id='word_1_373' title='bbox 750 2999 861 3062; x_wconf 90' lang='lat' dir='ltr'><strong>Esther</strong></span> <span class='ocrx_word' id='word_1_374' title='bbox 872 3016 1001 3080; x_wconf 90' lang='lat' dir='ltr'><strong>reguum</strong></span> <span class='ocrx_word' id='word_1_375' title='bbox 1017 3015 1137 3061; x_wconf 88' lang='lat' dir='ltr'><strong>suume</strong></span> <span class='ocrx_word' id='word_1_376' title='bbox 1151 2999 1217 3061; x_wconf 92' lang='lat' dir='ltr'><strong>Deo</strong></span> <span class='ocrx_word' id='word_1_377' title='bbox 1260 3007 1309 3064; x_wconf 89' lang='lat' dir='ltr'><strong>tur</strong></span> <span class='ocrx_word' id='word_1_378' title='bbox 1324 3017 1362 3064; x_wconf 86' lang='lat' dir='ltr'><strong>ex</strong></span> <span class='ocrx_word' id='word_1_379' title='bbox 1376 3001 1432 3062; x_wconf 91' lang='lat' dir='ltr'><strong>lib.</strong></span> <span class='ocrx_word' id='word_1_380' title='bbox 1450 3000 1479 3061; x_wconf 93' lang='grc' dir='ltr'><strong>ι.</strong></span> <span class='ocrx_word' id='word_1_381' title='bbox 1496 2998 1624 3074; x_wconf 89' lang='lat' dir='ltr'><strong>Esdrac,</strong></span> <span class='ocrx_word' id='word_1_382' title='bbox 1641 2999 1711 3062; x_wconf 77' lang='lat' dir='ltr'><strong>cd.</strong></span> <span class='ocrx_word' id='word_1_383' title='bbox 1726 3000 1801 3077; x_wconf 91' lang='lat' dir='ltr'><strong>Quis</strong></span> <span class='ocrx_word' id='word_1_384' title='bbox 1813 3000 1910 3080; x_wconf 87' lang='lat' dir='ltr'><strong>igitur</strong></span> <span class='ocrx_word' id='word_1_385' title='bbox 1922 3000 2042 3071; x_wconf 89' lang='lat' dir='ltr'><strong>credat,</strong></span> <span class='ocrx_word' id='word_1_386' title='bbox 2054 2999 2129 3062; x_wconf 85' lang='lat' dir='ltr'><strong>Cain·</strong></span> 
     </span>
     <span class='ocr_line' id='line_1_30' title="bbox 288 3079 2128 3163; baseline -0.001 -21"><span class='ocrx_word' id='word_1_387' title='bbox 288 3117 293 3124; x_wconf 76' lang='lat'><strong>,</strong></span> <span class='ocrx_word' id='word_1_388' title='bbox 347 3079 574 3143; x_wconf 83' lang='lat' dir='ltr'><strong>hebraerorum</strong></span> <span class='ocrx_word' id='word_1_389' title='bbox 588 3082 795 3162; x_wconf 80' lang='lat' dir='ltr'><strong>recognoscit,</strong></span> <span class='ocrx_word' id='word_1_390' title='bbox 812 3082 923 3143; x_wconf 88' lang='lat' dir='ltr'><strong>Esther</strong></span> <span class='ocrx_word' id='word_1_391' title='bbox 937 3081 1216 3158; x_wconf 84' lang='lat' dir='ltr'><strong>ultimollusquam</strong></span> <span class='ocrx_word' id='word_1_392' title='bbox 1259 3082 1369 3163; x_wconf 77' lang='lat' dir='ltr'><strong>bysem</strong></span> <span class='ocrx_word' id='word_1_393' title='bbox 1385 3083 1472 3145; x_wconf 91' lang='lat' dir='ltr'><strong>ilium</strong></span> <span class='ocrx_word' id='word_1_394' title='bbox 1483 3079 1652 3143; x_wconf 85' lang='lat' dir='ltr'><strong>Assuerum</strong></span> <span class='ocrx_word' id='word_1_395' title='bbox 1663 3082 1804 3159; x_wconf 79' lang='lat' dir='ltr'><strong>essequi</strong></span> <span class='ocrx_word' id='word_1_396' title='bbox 1816 3089 1888 3161; x_wconf 88' lang='lat' dir='ltr'><strong>post</strong></span> <span class='ocrx_word' id='word_1_397' title='bbox 1898 3081 2128 3144; x_wconf 88' lang='lat' dir='ltr'><strong>morteurAmun</strong></span> 
     </span>
     <span class='ocr_line' id='line_1_31' title="bbox 348 3161 2128 3244; baseline 0 -20"><span class='ocrx_word' id='word_1_398' title='bbox 348 3170 451 3224; x_wconf 92' lang='lat' dir='ltr'><strong>aulem</strong></span> <span class='ocrx_word' id='word_1_399' title='bbox 468 3162 615 3242; x_wconf 87' lang='lat' dir='ltr'><strong>legimus,</strong></span> <span class='ocrx_word' id='word_1_400' title='bbox 630 3165 740 3228; x_wconf 89' lang='lat' dir='ltr'><strong>medos</strong></span> <span class='ocrx_word' id='word_1_401' title='bbox 756 3163 892 3226; x_wconf 92' lang='lat' dir='ltr'><strong>coluisse</strong></span> <span class='ocrx_word' id='word_1_402' title='bbox 906 3163 1005 3226; x_wconf 90' lang='lat' dir='ltr'><strong>Deum</strong></span> <span class='ocrx_word' id='word_1_403' title='bbox 1016 3161 1214 3242; x_wconf 88' lang='lat' dir='ltr'><strong>judaeorum:</strong></span> <span class='ocrx_word' id='word_1_404' title='bbox 1257 3164 1442 3244; x_wconf 72' lang='lat' dir='ltr'><strong>iudaeorum</strong></span> <span class='ocrx_word' id='word_1_405' title='bbox 1459 3163 1689 3226; x_wconf 72' lang='lat' dir='ltr'><strong>ducentissimus</strong></span> <span class='ocrx_word' id='word_1_406' title='bbox 1703 3163 1778 3227; x_wconf 82' lang='lat' dir='ltr'><strong>fuit?</strong></span> <span class='ocrx_word' id='word_1_407' title='bbox 1790 3163 1871 3241; x_wconf 83' lang='lat' dir='ltr'><strong>Quid</strong></span> <span class='ocrx_word' id='word_1_408' title='bbox 1884 3163 1971 3242; x_wconf 93' lang='lat' dir='ltr'><strong>quod</strong></span> <span class='ocrx_word' id='word_1_409' title='bbox 1985 3164 2128 3226; x_wconf 89' lang='lat' dir='ltr'><strong>Assuerus</strong></span> 
     </span>
     <span class='ocr_line' id='line_1_32' title="bbox 346 3243 2127 3324; baseline -0.001 -18"><span class='ocrx_word' id='word_1_410' title='bbox 346 3244 387 3306; x_wconf 92' lang='lat' dir='ltr'><strong>de</strong></span> <span class='ocrx_word' id='word_1_411' title='bbox 403 3243 481 3324; x_wconf 76' lang='lat' dir='ltr'><strong>cyro</strong></span> <span class='ocrx_word' id='word_1_412' title='bbox 496 3261 569 3308; x_wconf 82' lang='lat' dir='ltr'><strong>vero</strong></span> <span class='ocrx_word' id='word_1_413' title='bbox 584 3251 615 3308; x_wconf 91' lang='lat' dir='ltr'><strong>et</strong></span> <span class='ocrx_word' id='word_1_414' title='bbox 638 3245 772 3324; x_wconf 87' lang='lat' dir='ltr'><strong>posteris</strong></span> <span class='ocrx_word' id='word_1_415' title='bbox 797 3245 868 3324; x_wconf 75' lang='lat' dir='ltr'><strong>eius</strong></span> <span class='ocrx_word' id='word_1_416' title='bbox 883 3245 916 3307; x_wconf 93' lang='lat' dir='ltr'><strong>id</strong></span> <span class='ocrx_word' id='word_1_417' title='bbox 930 3244 1076 3324; x_wconf 89' lang='lat' dir='ltr'><strong>legimus.</strong></span> <span class='ocrx_word' id='word_1_418' title='bbox 1092 3243 1166 3305; x_wconf 90' lang='lat' dir='ltr'><strong>Nam</strong></span> <span class='ocrx_word' id='word_1_419' title='bbox 1181 3244 1214 3306; x_wconf 78' lang='grc'><strong>2.</strong></span> <span class='ocrx_word' id='word_1_420' title='bbox 1261 3252 1369 3309; x_wconf 88' lang='grc' dir='ltr'><strong>ιιοειει</strong></span> <span class='ocrx_word' id='word_1_421' title='bbox 1384 3247 1415 3308; x_wconf 91' lang='lat' dir='ltr'><strong>iu</strong></span> <span class='ocrx_word' id='word_1_422' title='bbox 1432 3245 1511 3307; x_wconf 91' lang='lat' dir='ltr'><strong>libro</strong></span> <span class='ocrx_word' id='word_1_423' title='bbox 1525 3245 1635 3307; x_wconf 83' lang='lat' dir='ltr'><strong>Esther</strong></span> <span class='ocrx_word' id='word_1_424' title='bbox 1646 3261 1715 3324; x_wconf 86' lang='lat' dir='ltr'><strong>cap.</strong></span> <span class='ocrx_word' id='word_1_425' title='bbox 1729 3245 1981 3322; x_wconf 85' lang='lat' dir='ltr'><strong>ultimoindicat,</strong></span> <span class='ocrx_word' id='word_1_426' title='bbox 1993 3261 2028 3308; x_wconf 91' lang='lat' dir='ltr'><strong>se</strong></span> <span class='ocrx_word' id='word_1_427' title='bbox 2044 3246 2127 3323; x_wconf 86' lang='lat' dir='ltr'><strong>louge</strong></span> 
     </span>
     <span class='ocr_line' id='line_1_33' title="bbox 347 3324 2128 3408; baseline 0.001 -21"><span class='ocrx_word' id='word_1_428' title='bbox 347 3325 448 3388; x_wconf 88' lang='lat' dir='ltr'><strong>Paral.</strong></span> <span class='ocrx_word' id='word_1_429' title='bbox 463 3327 518 3388; x_wconf 92' lang='grc' dir='ltr'><strong>ιιιι.</strong></span> <span class='ocrx_word' id='word_1_430' title='bbox 536 3336 568 3390; x_wconf 90' lang='grc' dir='ltr'><strong>ει</strong></span> <span class='ocrx_word' id='word_1_431' title='bbox 581 3328 614 3389; x_wconf 91' lang='lat' dir='ltr'><strong>iu</strong></span> <span class='ocrx_word' id='word_1_432' title='bbox 631 3327 660 3389; x_wconf 93' lang='grc' dir='ltr'><strong>ι.</strong></span> <span class='ocrx_word' id='word_1_433' title='bbox 671 3326 761 3388; x_wconf 90' lang='lat' dir='ltr'><strong>Esdr.</strong></span> <span class='ocrx_word' id='word_1_434' title='bbox 776 3327 805 3390; x_wconf 90' lang='grc' dir='ltr'><strong>ι.</strong></span> <span class='ocrx_word' id='word_1_435' title='bbox 816 3326 913 3406; x_wconf 78' lang='lat' dir='ltr'><strong>Cyrus</strong></span> <span class='ocrx_word' id='word_1_436' title='bbox 925 3327 1011 3389; x_wconf 89' lang='lat' dir='ltr'><strong>dicit:</strong></span> <span class='ocrx_word' id='word_1_437' title='bbox 1034 3324 1153 3388; x_wconf 82' lang='lat' dir='ltr'><strong>Omnia</strong></span> <span class='ocrx_word' id='word_1_438' title='bbox 1165 3341 1214 3388; x_wconf 85' lang='lat' dir='ltr'><strong>rc·</strong></span> <span class='ocrx_word' id='word_1_439' title='bbox 1260 3328 1421 3391; x_wconf 85' lang='lat' dir='ltr'><strong>intervallo</strong></span> <span class='ocrx_word' id='word_1_440' title='bbox 1437 3327 1551 3390; x_wconf 89' lang='lat' dir='ltr'><strong>distare</strong></span> <span class='ocrx_word' id='word_1_441' title='bbox 1566 3344 1582 3388; x_wconf 90' lang='lat' dir='ltr'><strong>o</strong></span> <span class='ocrx_word' id='word_1_442' title='bbox 1598 3327 1791 3406; x_wconf 91' lang='lat' dir='ltr'><strong>temporibus</strong></span> <span class='ocrx_word' id='word_1_443' title='bbox 1804 3327 1969 3408; x_wconf 71' lang='lat' dir='ltr'><strong>ilyricum</strong></span> <span class='ocrx_word' id='word_1_444' title='bbox 1983 3327 2068 3399; x_wconf 89' lang='lat' dir='ltr'><strong>dicit,</strong></span> <span class='ocrx_word' id='word_1_445' title='bbox 2081 3327 2128 3388; x_wconf 89' lang='lat' dir='ltr'><strong>bc·</strong></span> 
     </span>
     <span class='ocr_line' id='line_1_34' title="bbox 347 3407 2126 3490; baseline -0.002 -19"><span class='ocrx_word' id='word_1_446' title='bbox 347 3409 547 3487; x_wconf 78' lang='lat' dir='ltr'><strong>poeniendi</strong></span> <span class='ocrx_word' id='word_1_447' title='bbox 560 3410 650 3472; x_wconf 85' lang='lat' dir='ltr'><strong>dedit</strong></span> <span class='ocrx_word' id='word_1_448' title='bbox 663 3408 846 3472; x_wconf 84' lang='lat' dir='ltr'><strong>mihc&#39;Decs</strong></span> <span class='ocrx_word' id='word_1_449' title='bbox 861 3409 953 3481; x_wconf 89' lang='lat' dir='ltr'><strong>coeli,</strong></span> <span class='ocrx_word' id='word_1_450' title='bbox 982 3407 1215 3487; x_wconf 78' lang='lat' dir='ltr'><strong>etipsep&#39;ussit,</strong></span> <span class='ocrx_word' id='word_1_451' title='bbox 1260 3407 1373 3473; x_wconf 89' lang='lat' dir='ltr'><strong>ueiicio</strong></span> <span class='ocrx_word' id='word_1_452' title='bbox 1389 3409 1446 3472; x_wconf 88' lang='lat' dir='ltr'><strong>Dci</strong></span> <span class='ocrx_word' id='word_1_453' title='bbox 1461 3408 1541 3472; x_wconf 91' lang='lat' dir='ltr'><strong>coeli</strong></span> <span class='ocrx_word' id='word_1_454' title='bbox 1561 3409 1666 3472; x_wconf 87' lang='lat' dir='ltr'><strong>dutum</strong></span> <span class='ocrx_word' id='word_1_455' title='bbox 1687 3409 1784 3473; x_wconf 89' lang='lat' dir='ltr'><strong>luisse</strong></span> <span class='ocrx_word' id='word_1_456' title='bbox 1805 3424 1940 3490; x_wconf 90' lang='lat' dir='ltr'><strong>regnum</strong></span> <span class='ocrx_word' id='word_1_457' title='bbox 1965 3407 2126 3489; x_wconf 89' lang='lat' dir='ltr'><strong>majoribus</strong></span> 
     </span>
     <span class='ocr_line' id='line_1_35' title="bbox 346 3488 2125 3570; baseline -0.002 -18"><span class='ocrx_word' id='word_1_458' title='bbox 346 3496 386 3552; x_wconf 84' lang='grc' dir='ltr'><strong>ιιι</strong></span> <span class='ocrx_word' id='word_1_459' title='bbox 400 3488 612 3568; x_wconf 62' lang='lat' dir='ltr'><strong>aedificarem</strong></span> <span class='ocrx_word' id='word_1_460' title='bbox 622 3493 803 3555; x_wconf 75' lang='lat' dir='ltr'><strong>conamen</strong></span> <span class='ocrx_word' id='word_1_461' title='bbox 813 3491 1028 3566; x_wconf 81' lang='lat' dir='ltr'><strong>Hierusalem,</strong></span> <span class='ocrx_word' id='word_1_462' title='bbox 1045 3488 1215 3552; x_wconf 82' lang='lat' dir='ltr'><strong>ettEsdr.</strong></span> <span class='ocrx_word' id='word_1_463' title='bbox 1260 3493 1338 3568; x_wconf 93' lang='lat' dir='ltr'><strong>suis,</strong></span> <span class='ocrx_word' id='word_1_464' title='bbox 1355 3498 1447 3570; x_wconf 91' lang='lat' dir='ltr'><strong>atque</strong></span> <span class='ocrx_word' id='word_1_465' title='bbox 1464 3506 1565 3567; x_wconf 89' lang='lat' dir='ltr'><strong>usque</strong></span> <span class='ocrx_word' id='word_1_466' title='bbox 1587 3491 1624 3552; x_wconf 91' lang='lat' dir='ltr'><strong>ad</strong></span> <span class='ocrx_word' id='word_1_467' title='bbox 1646 3506 1702 3554; x_wconf 90' lang='lat' dir='ltr'><strong>sue</strong></span> <span class='ocrx_word' id='word_1_468' title='bbox 1724 3496 1864 3570; x_wconf 89' lang='lat' dir='ltr'><strong>tempora</strong></span> <span class='ocrx_word' id='word_1_469' title='bbox 1886 3489 2125 3554; x_wconf 80' lang='lat' dir='ltr'><strong>consecratum?</strong></span> 
     </span>
     <span class='ocr_line' id='line_1_36' title="bbox 348 3569 2126 3654; baseline -0.001 -20"><span class='ocrx_word' id='word_1_470' title='bbox 348 3572 380 3635; x_wconf 90' lang='lat' dir='ltr'><strong>o.</strong></span> <span class='ocrx_word' id='word_1_471' title='bbox 397 3577 429 3634; x_wconf 93' lang='lat' dir='ltr'><strong>et</strong></span> <span class='ocrx_word' id='word_1_472' title='bbox 443 3572 473 3634; x_wconf 88' lang='lat' dir='ltr'><strong>l.</strong></span> <span class='ocrx_word' id='word_1_473' title='bbox 487 3573 632 3651; x_wconf 90' lang='lat' dir='ltr'><strong>leguntur</strong></span> <span class='ocrx_word' id='word_1_474' title='bbox 647 3573 797 3652; x_wconf 91' lang='lat' dir='ltr'><strong>epistolae</strong></span> <span class='ocrx_word' id='word_1_475' title='bbox 818 3573 901 3635; x_wconf 89' lang='lat' dir='ltr'><strong>Darii</strong></span> <span class='ocrx_word' id='word_1_476' title='bbox 915 3578 947 3635; x_wconf 88' lang='grc' dir='ltr'><strong>ει</strong></span> <span class='ocrx_word' id='word_1_477' title='bbox 970 3571 1142 3635; x_wconf 74' lang='lat' dir='ltr'><strong>Artaxerxis</strong></span> <span class='ocrx_word' id='word_1_478' title='bbox 1166 3586 1217 3635; x_wconf 89' lang='lat' dir='ltr'><strong>re·</strong></span> <span class='ocrx_word' id='word_1_479' title='bbox 1260 3591 1339 3654; x_wconf 89' lang='lat' dir='ltr'><strong>quac</strong></span> <span class='ocrx_word' id='word_1_480' title='bbox 1355 3580 1438 3637; x_wconf 93' lang='lat' dir='ltr'><strong>certe</strong></span> <span class='ocrx_word' id='word_1_481' title='bbox 1455 3573 1485 3634; x_wconf 94' lang='lat' dir='ltr'><strong>iu</strong></span> <span class='ocrx_word' id='word_1_482' title='bbox 1502 3571 1683 3653; x_wconf 78' lang='lat' dir='ltr'><strong>cambysem</strong></span> <span class='ocrx_word' id='word_1_483' title='bbox 1698 3589 1761 3636; x_wconf 91' lang='lat' dir='ltr'><strong>unu</strong></span> <span class='ocrx_word' id='word_1_484' title='bbox 1773 3571 1977 3650; x_wconf 84' lang='lat' dir='ltr'><strong>conueniunt,</strong></span> <span class='ocrx_word' id='word_1_485' title='bbox 1992 3574 2046 3653; x_wconf 91' lang='lat' dir='ltr'><strong>qui</strong></span> <span class='ocrx_word' id='word_1_486' title='bbox 2059 3569 2126 3650; x_wconf 76' lang='lat' dir='ltr'><strong>dgro</strong></span> 
     </span>
     <span class='ocr_line' id='line_1_37' title="bbox 348 3653 1504 3736; baseline 0.001 -21"><span class='ocrx_word' id='word_1_487' title='bbox 348 3670 422 3734; x_wconf 84' lang='lat' dir='ltr'><strong>gum</strong></span> <span class='ocrx_word' id='word_1_488' title='bbox 438 3669 611 3733; x_wconf 89' lang='lat' dir='ltr'><strong>persarum,</strong></span> <span class='ocrx_word' id='word_1_489' title='bbox 628 3655 743 3734; x_wconf 90' lang='lat' dir='ltr'><strong>quibus</strong></span> <span class='ocrx_word' id='word_1_490' title='bbox 760 3655 861 3717; x_wconf 92' lang='lat' dir='ltr'><strong>Deum</strong></span> <span class='ocrx_word' id='word_1_491' title='bbox 879 3653 1064 3734; x_wconf 87' lang='lat' dir='ltr'><strong>judaeorum</strong></span> <span class='ocrx_word' id='word_1_492' title='bbox 1080 3655 1217 3733; x_wconf 78' lang='lat' dir='ltr'><strong>hierges</strong></span> <span class='ocrx_word' id='word_1_493' title='bbox 1260 3657 1420 3736; x_wconf 88' lang='lat' dir='ltr'><strong>proximus</strong></span> <span class='ocrx_word' id='word_1_494' title='bbox 1437 3655 1504 3716; x_wconf 85' lang='lat' dir='ltr'><strong>luit.</strong></span> 
     </span>
     <span class='ocr_line' id='line_1_38' title="bbox 348 3734 2126 3818; baseline -0.001 -20"><span class='ocrx_word' id='word_1_495' title='bbox 348 3741 569 3818; x_wconf 86' lang='lat' dir='ltr'><strong>agnoscunt,et</strong></span> <span class='ocrx_word' id='word_1_496' title='bbox 581 3736 748 3800; x_wconf 75' lang='lat' dir='ltr'><strong>sacrificari</strong></span> <span class='ocrx_word' id='word_1_497' title='bbox 759 3754 815 3817; x_wconf 81' lang='lat' dir='ltr'><strong>pro</strong></span> <span class='ocrx_word' id='word_1_498' title='bbox 827 3753 863 3799; x_wconf 92' lang='lat' dir='ltr'><strong>se</strong></span> <span class='ocrx_word' id='word_1_499' title='bbox 874 3753 910 3799; x_wconf 91' lang='lat' dir='ltr'><strong>ac</strong></span> <span class='ocrx_word' id='word_1_500' title='bbox 921 3752 1083 3817; x_wconf 86' lang='lat' dir='ltr'><strong>regnosco</strong></span> <span class='ocrx_word' id='word_1_501' title='bbox 1090 3735 1214 3816; x_wconf 87' lang='lat' dir='ltr'><strong>jubent.</strong></span> <span class='ocrx_word' id='word_1_502' title='bbox 1300 3739 1406 3817; x_wconf 89' lang='lat' dir='ltr'><strong>llequc</strong></span> <span class='ocrx_word' id='word_1_503' title='bbox 1420 3737 1653 3798; x_wconf 90' lang='lat' dir='ltr'><strong>lundameutum</strong></span> <span class='ocrx_word' id='word_1_504' title='bbox 1668 3734 1875 3800; x_wconf 86' lang='lat' dir='ltr'><strong>hebraeorum</strong></span> <span class='ocrx_word' id='word_1_505' title='bbox 1890 3735 1931 3800; x_wconf 92' lang='lat' dir='ltr'><strong>de</strong></span> <span class='ocrx_word' id='word_1_506' title='bbox 1949 3735 2050 3798; x_wconf 90' lang='lat' dir='ltr'><strong>trihus</strong></span> <span class='ocrx_word' id='word_1_507' title='bbox 2066 3749 2126 3814; x_wconf 91' lang='lat' dir='ltr'><strong>per-</strong></span> 
     </span>
    </p>

    <p class='ocr_par' dir='ltr' id='par_1_9' title="bbox 306 3817 2127 5126">
     <span class='ocr_line' id='line_1_39' title="bbox 392 3817 2126 3898; baseline -0.001 -18"><span class='ocrx_word' id='word_1_508' title='bbox 392 3818 522 3892; x_wconf 84' lang='lat' dir='ltr'><strong>Quinto,</strong></span> <span class='ocrx_word' id='word_1_509' title='bbox 538 3817 611 3896; x_wconf 89' lang='lat' dir='ltr'><strong>quia</strong></span> <span class='ocrx_word' id='word_1_510' title='bbox 625 3820 752 3881; x_wconf 90' lang='lat' dir='ltr'><strong>maritus</strong></span> <span class='ocrx_word' id='word_1_511' title='bbox 766 3819 877 3882; x_wconf 89' lang='lat' dir='ltr'><strong>Esther</strong></span> <span class='ocrx_word' id='word_1_512' title='bbox 890 3819 979 3882; x_wconf 87' lang='lat' dir='ltr'><strong>Susis</strong></span> <span class='ocrx_word' id='word_1_513' title='bbox 996 3818 1113 3897; x_wconf 89' lang='lat' dir='ltr'><strong>regiam</strong></span> <span class='ocrx_word' id='word_1_514' title='bbox 1127 3833 1217 3880; x_wconf 89' lang='lat' dir='ltr'><strong>suam</strong></span> <span class='ocrx_word' id='word_1_515' title='bbox 1261 3835 1363 3883; x_wconf 91' lang='lat' dir='ltr'><strong>surum</strong></span> <span class='ocrx_word' id='word_1_516' title='bbox 1380 3819 1507 3898; x_wconf 90' lang='lat' dir='ltr'><strong>regibus</strong></span> <span class='ocrx_word' id='word_1_517' title='bbox 1523 3819 1731 3894; x_wconf 63' lang='lat' dir='ltr'><strong>solidum&#39;esi,</strong></span> <span class='ocrx_word' id='word_1_518' title='bbox 1745 3835 1817 3881; x_wconf 92' lang='lat' dir='ltr'><strong>cum</strong></span> <span class='ocrx_word' id='word_1_519' title='bbox 1832 3834 1895 3881; x_wconf 92' lang='lat' dir='ltr'><strong>non</strong></span> <span class='ocrx_word' id='word_1_520' title='bbox 1906 3819 2014 3882; x_wconf 92' lang='lat' dir='ltr'><strong>solum</strong></span> <span class='ocrx_word' id='word_1_521' title='bbox 2027 3831 2126 3880; x_wconf 83' lang='lat' dir='ltr'><strong>ornnes</strong></span> 
     </span>
     <span class='ocr_line' id='line_1_40' title="bbox 349 3899 2125 3978; baseline -0.002 -16"><span class='ocrx_word' id='word_1_522' title='bbox 349 3899 497 3973; x_wconf 87' lang='lat' dir='ltr'><strong>habebat,</strong></span> <span class='ocrx_word' id='word_1_523' title='bbox 513 3900 626 3963; x_wconf 83' lang='lat' dir='ltr'><strong>Esther</strong></span> <span class='ocrx_word' id='word_1_524' title='bbox 642 3901 672 3962; x_wconf 91' lang='lat' dir='ltr'><strong>l.</strong></span> <span class='ocrx_word' id='word_1_525' title='bbox 687 3902 723 3962; x_wconf 96' lang='lat' dir='ltr'><strong>At</strong></span> <span class='ocrx_word' id='word_1_526' title='bbox 737 3900 814 3964; x_wconf 90' lang='lat' dir='ltr'><strong>Susa</strong></span> <span class='ocrx_word' id='word_1_527' title='bbox 831 3916 894 3962; x_wconf 93' lang='lat' dir='ltr'><strong>non</strong></span> <span class='ocrx_word' id='word_1_528' title='bbox 908 3906 975 3964; x_wconf 90' lang='lat' dir='ltr'><strong>erat</strong></span> <span class='ocrx_word' id='word_1_529' title='bbox 989 3901 1151 3962; x_wconf 91' lang='lat' dir='ltr'><strong>medorum</strong></span> <span class='ocrx_word' id='word_1_530' title='bbox 1166 3915 1215 3962; x_wconf 92' lang='lat' dir='ltr'><strong>re·</strong></span> <span class='ocrx_word' id='word_1_531' title='bbox 1261 3903 1387 3964; x_wconf 91' lang='lat' dir='ltr'><strong>omnino</strong></span> <span class='ocrx_word' id='word_1_532' title='bbox 1402 3900 1540 3962; x_wconf 91' lang='lat' dir='ltr'><strong>historici</strong></span> <span class='ocrx_word' id='word_1_533' title='bbox 1563 3899 1666 3978; x_wconf 89' lang='lat' dir='ltr'><strong>graeci</strong></span> <span class='ocrx_word' id='word_1_534' title='bbox 1687 3906 1718 3962; x_wconf 91' lang='lat' dir='ltr'><strong>et</strong></span> <span class='ocrx_word' id='word_1_535' title='bbox 1739 3900 1825 3964; x_wconf 87' lang='lat' dir='ltr'><strong>latini</strong></span> <span class='ocrx_word' id='word_1_536' title='bbox 1847 3903 2083 3972; x_wconf 85' lang='lat' dir='ltr'><strong>contradicant,</strong></span> <span class='ocrx_word' id='word_1_537' title='bbox 2100 3903 2125 3960; x_wconf 88' lang='lat' dir='ltr'><strong>et</strong></span> 
     </span>
     <span class='ocr_line' id='line_1_41' title="bbox 349 3979 2125 4063; baseline -0.001 -21"><span class='ocrx_word' id='word_1_538' title='bbox 349 3983 400 4062; x_wconf 86' lang='lat' dir='ltr'><strong>gia</strong></span> <span class='ocrx_word' id='word_1_539' title='bbox 414 3981 471 4044; x_wconf 91' lang='lat' dir='ltr'><strong>sed</strong></span> <span class='ocrx_word' id='word_1_540' title='bbox 486 3997 670 4060; x_wconf 89' lang='lat' dir='ltr'><strong>persarum,</strong></span> <span class='ocrx_word' id='word_1_541' title='bbox 690 3988 725 4045; x_wconf 92' lang='lat' dir='ltr'><strong>ut</strong></span> <span class='ocrx_word' id='word_1_542' title='bbox 744 3983 885 4045; x_wconf 89' lang='lat' dir='ltr'><strong>scribunt</strong></span> <span class='ocrx_word' id='word_1_543' title='bbox 904 3982 1031 4046; x_wconf 89' lang='lat' dir='ltr'><strong>Solinus</strong></span> <span class='ocrx_word' id='word_1_544' title='bbox 1051 3997 1121 4060; x_wconf 89' lang='lat' dir='ltr'><strong>cap.</strong></span> <span class='ocrx_word' id='word_1_545' title='bbox 1138 3979 1215 4056; x_wconf 79' lang='lat'><strong>38.,</strong></span> <span class='ocrx_word' id='word_1_546' title='bbox 1260 3984 1330 4063; x_wconf 87' lang='lat' dir='ltr'><strong>ipse</strong></span> <span class='ocrx_word' id='word_1_547' title='bbox 1342 3981 1598 4060; x_wconf 83' lang='lat' dir='ltr'><strong>ctiamiosephus</strong></span> <span class='ocrx_word' id='word_1_548' title='bbox 1610 3982 1734 4044; x_wconf 88' lang='lat' dir='ltr'><strong>natione</strong></span> <span class='ocrx_word' id='word_1_549' title='bbox 1746 3999 1781 4045; x_wconf 90' lang='lat' dir='ltr'><strong>ac</strong></span> <span class='ocrx_word' id='word_1_550' title='bbox 1794 3981 1948 4062; x_wconf 89' lang='lat' dir='ltr'><strong>religione</strong></span> <span class='ocrx_word' id='word_1_551' title='bbox 1962 3983 2125 4053; x_wconf 89' lang='lat' dir='ltr'><strong>hebraeus,</strong></span> 
     </span>
     <span class='ocr_line' id='line_1_42' title="bbox 349 4062 2125 4142; baseline -0.003 -17"><span class='ocrx_word' id='word_1_552' title='bbox 349 4063 504 4126; x_wconf 89' lang='lat' dir='ltr'><strong>Diodorus</strong></span> <span class='ocrx_word' id='word_1_553' title='bbox 519 4064 574 4126; x_wconf 91' lang='lat' dir='ltr'><strong>tib.</strong></span> <span class='ocrx_word' id='word_1_554' title='bbox 592 4066 642 4126; x_wconf 91' lang='lat' dir='ltr'><strong>ll.</strong></span> <span class='ocrx_word' id='word_1_555' title='bbox 660 4070 691 4126; x_wconf 92' lang='lat' dir='ltr'><strong>ct</strong></span> <span class='ocrx_word' id='word_1_556' title='bbox 705 4065 886 4127; x_wconf 82' lang='lat' dir='ltr'><strong>Plutarchus</strong></span> <span class='ocrx_word' id='word_1_557' title='bbox 907 4064 941 4128; x_wconf 93' lang='lat' dir='ltr'><strong>iu</strong></span> <span class='ocrx_word' id='word_1_558' title='bbox 959 4065 1137 4127; x_wconf 89' lang='lat' dir='ltr'><strong>Artaxerxe.</strong></span> <span class='ocrx_word' id='word_1_559' title='bbox 1159 4063 1217 4125; x_wconf 86' lang='lat' dir='ltr'><strong>lic·</strong></span> <span class='ocrx_word' id='word_1_560' title='bbox 1261 4067 1317 4129; x_wconf 91' lang='lat' dir='ltr'><strong>scd</strong></span> <span class='ocrx_word' id='word_1_561' title='bbox 1334 4067 1424 4127; x_wconf 90' lang='lat' dir='ltr'><strong>etiam</strong></span> <span class='ocrx_word' id='word_1_562' title='bbox 1439 4065 1545 4126; x_wconf 90' lang='lat' dir='ltr'><strong>Daniel</strong></span> <span class='ocrx_word' id='word_1_563' title='bbox 1561 4070 1652 4142; x_wconf 92' lang='lat' dir='ltr'><strong>atquc</strong></span> <span class='ocrx_word' id='word_1_564' title='bbox 1665 4064 1789 4126; x_wconf 90' lang='lat' dir='ltr'><strong>Esdras:</strong></span> <span class='ocrx_word' id='word_1_565' title='bbox 1803 4063 1875 4125; x_wconf 90' lang='lat' dir='ltr'><strong>Nam</strong></span> <span class='ocrx_word' id='word_1_566' title='bbox 1888 4063 2029 4124; x_wconf 82' lang='lat' dir='ltr'><strong>Danielis</strong></span> <span class='ocrx_word' id='word_1_567' title='bbox 2043 4079 2071 4124; x_wconf 90' lang='lat' dir='ltr'><strong>c.</strong></span> <span class='ocrx_word' id='word_1_568' title='bbox 2083 4062 2125 4121; x_wconf 92' lang='grc' dir='ltr'><strong>ιι.</strong></span> 
     </span>
     <span class='ocr_line' id='line_1_43' title="bbox 348 4143 2127 4228; baseline -0.001 -22"><span class='ocrx_word' id='word_1_569' title='bbox 348 4161 411 4223; x_wconf 91' lang='lat' dir='ltr'><strong>que</strong></span> <span class='ocrx_word' id='word_1_570' title='bbox 430 4146 479 4208; x_wconf 91' lang='lat' dir='ltr'><strong>his</strong></span> <span class='ocrx_word' id='word_1_571' title='bbox 503 4151 679 4226; x_wconf 84' lang='lat' dir='ltr'><strong>repugnant</strong></span> <span class='ocrx_word' id='word_1_572' title='bbox 697 4145 838 4209; x_wconf 84' lang='lat' dir='ltr'><strong>lustinus</strong></span> <span class='ocrx_word' id='word_1_573' title='bbox 859 4145 915 4208; x_wconf 95' lang='lat' dir='ltr'><strong>lib.</strong></span> <span class='ocrx_word' id='word_1_574' title='bbox 932 4147 962 4210; x_wconf 90' lang='grc' dir='ltr'><strong>ι.</strong></span> <span class='ocrx_word' id='word_1_575' title='bbox 985 4152 1016 4208; x_wconf 84' lang='grc' dir='ltr'><strong>ει</strong></span> <span class='ocrx_word' id='word_1_576' title='bbox 1035 4147 1072 4223; x_wconf 90' lang='lat' dir='ltr'><strong>Q.</strong></span> <span class='ocrx_word' id='word_1_577' title='bbox 1093 4143 1216 4208; x_wconf 86' lang='lat' dir='ltr'><strong>Curtius</strong></span> <span class='ocrx_word' id='word_1_578' title='bbox 1260 4153 1331 4228; x_wconf 92' lang='lat' dir='ltr'><strong>post</strong></span> <span class='ocrx_word' id='word_1_579' title='bbox 1345 4147 1396 4208; x_wconf 94' lang='lat' dir='ltr'><strong>illa</strong></span> <span class='ocrx_word' id='word_1_580' title='bbox 1413 4147 1519 4222; x_wconf 77' lang='lat' dir='ltr'><strong>verbm</strong></span> <span class='ocrx_word' id='word_1_581' title='bbox 1535 4146 1616 4208; x_wconf 89' lang='lat' dir='ltr'><strong>Ecce</strong></span> <span class='ocrx_word' id='word_1_582' title='bbox 1629 4146 1739 4208; x_wconf 79' lang='lat' dir='ltr'><strong>adiaco</strong></span> <span class='ocrx_word' id='word_1_583' title='bbox 1755 4153 1817 4209; x_wconf 86' lang='lat' dir='ltr'><strong>tres</strong></span> <span class='ocrx_word' id='word_1_584' title='bbox 1835 4161 1925 4223; x_wconf 81' lang='lat' dir='ltr'><strong>reges</strong></span> <span class='ocrx_word' id='word_1_585' title='bbox 1941 4145 2078 4206; x_wconf 83' lang='lat' dir='ltr'><strong>stabunt</strong></span> <span class='ocrx_word' id='word_1_586' title='bbox 2095 4143 2127 4204; x_wconf 87' lang='grc' dir='ltr'><strong>ιἰι</strong></span> 
     </span>
     <span class='ocr_line' id='line_1_44' title="bbox 347 4225 2126 4309; baseline -0.002 -20"><span class='ocrx_word' id='word_1_587' title='bbox 347 4227 405 4290; x_wconf 91' lang='lat' dir='ltr'><strong>lib.</strong></span> <span class='ocrx_word' id='word_1_588' title='bbox 420 4228 452 4290; x_wconf 84' lang='lat' dir='ltr'><strong>l.</strong></span> <span class='ocrx_word' id='word_1_589' title='bbox 469 4230 522 4308; x_wconf 93' lang='lat' dir='ltr'><strong>qui</strong></span> <span class='ocrx_word' id='word_1_590' title='bbox 530 4227 652 4309; x_wconf 89' lang='lat' dir='ltr'><strong>&#39;regium</strong></span> <span class='ocrx_word' id='word_1_591' title='bbox 669 4245 828 4307; x_wconf 88' lang='lat' dir='ltr'><strong>persarum</strong></span> <span class='ocrx_word' id='word_1_592' title='bbox 842 4229 984 4291; x_wconf 92' lang='lat' dir='ltr'><strong>scribunt</strong></span> <span class='ocrx_word' id='word_1_593' title='bbox 995 4227 1092 4290; x_wconf 90' lang='lat' dir='ltr'><strong>icisse</strong></span> <span class='ocrx_word' id='word_1_594' title='bbox 1108 4228 1216 4290; x_wconf 91' lang='lat' dir='ltr'><strong>Perse·</strong></span> <span class='ocrx_word' id='word_1_595' title='bbox 1260 4230 1404 4302; x_wconf 84' lang='lat' dir='ltr'><strong>Perside,</strong></span> <span class='ocrx_word' id='word_1_596' title='bbox 1418 4229 1569 4306; x_wconf 90' lang='lat' dir='ltr'><strong>sequitur:</strong></span> <span class='ocrx_word' id='word_1_597' title='bbox 1583 4227 1622 4289; x_wconf 89' lang='lat' dir='ltr'><strong>Et</strong></span> <span class='ocrx_word' id='word_1_598' title='bbox 1637 4233 1774 4307; x_wconf 78' lang='lat' dir='ltr'><strong>quartus</strong></span> <span class='ocrx_word' id='word_1_599' title='bbox 1786 4226 1946 4290; x_wconf 85' lang='lat' dir='ltr'><strong>ditohitrar</strong></span> <span class='ocrx_word' id='word_1_600' title='bbox 1957 4225 2126 4304; x_wconf 82' lang='lat' dir='ltr'><strong>opibueni·</strong></span> 
     </span>
     <span class='ocr_line' id='line_1_45' title="bbox 349 4307 2122 4388; baseline -0.003 -17"><span class='ocrx_word' id='word_1_601' title='bbox 349 4311 458 4388; x_wconf 88' lang='lat' dir='ltr'><strong>pulim.</strong></span> <span class='ocrx_word' id='word_1_602' title='bbox 474 4310 558 4385; x_wconf 81' lang='lat' dir='ltr'><strong>dam,</strong></span> <span class='ocrx_word' id='word_1_603' title='bbox 576 4317 609 4372; x_wconf 93' lang='lat' dir='ltr'><strong>ut</strong></span> <span class='ocrx_word' id='word_1_604' title='bbox 622 4311 716 4372; x_wconf 91' lang='lat' dir='ltr'><strong>relert</strong></span> <span class='ocrx_word' id='word_1_605' title='bbox 730 4311 839 4373; x_wconf 87' lang='lat' dir='ltr'><strong>Strabo</strong></span> <span class='ocrx_word' id='word_1_606' title='bbox 853 4309 909 4372; x_wconf 90' lang='lat' dir='ltr'><strong>lib.</strong></span> <span class='ocrx_word' id='word_1_607' title='bbox 928 4310 978 4373; x_wconf 75' lang='lat' dir='ltr'><strong>id.</strong></span> <span class='ocrx_word' id='word_1_608' title='bbox 995 4315 1026 4372; x_wconf 92' lang='lat' dir='ltr'><strong>et</strong></span> <span class='ocrx_word' id='word_1_609' title='bbox 1040 4308 1217 4387; x_wconf 85' lang='lat' dir='ltr'><strong>Persepolis</strong></span> <span class='ocrx_word' id='word_1_610' title='bbox 1260 4313 1335 4375; x_wconf 82' lang='lat' dir='ltr'><strong>ociis</strong></span> <span class='ocrx_word' id='word_1_611' title='bbox 1349 4325 1449 4387; x_wconf 84' lang='lat' dir='ltr'><strong>super</strong></span> <span class='ocrx_word' id='word_1_612' title='bbox 1464 4324 1587 4385; x_wconf 67' lang='lat' dir='ltr'><strong>otonem</strong></span> <span class='ocrx_word' id='word_1_613' title='bbox 1601 4316 1630 4370; x_wconf 91' lang='lat' dir='ltr'><strong>et</strong></span> <span class='ocrx_word' id='word_1_614' title='bbox 1641 4309 1903 4374; x_wconf 83' lang='lat' dir='ltr'><strong>ermcioucluera&#39;t</strong></span> <span class='ocrx_word' id='word_1_615' title='bbox 1914 4309 2040 4370; x_wconf 78' lang='lat' dir='ltr'><strong>divitiis</strong></span> <span class='ocrx_word' id='word_1_616' title='bbox 2051 4307 2122 4378; x_wconf 78' lang='lat' dir='ltr'><strong>scis,</strong></span> 
     </span>
     <span class='ocr_line' id='line_1_46' title="bbox 350 4391 2123 4470; baseline -0.003 -17"><span class='ocrx_word' id='word_1_617' title='bbox 350 4399 381 4454; x_wconf 92' lang='lat' dir='ltr'><strong>et</strong></span> <span class='ocrx_word' id='word_1_618' title='bbox 396 4393 474 4454; x_wconf 88' lang='lat' dir='ltr'><strong>Susa</strong></span> <span class='ocrx_word' id='word_1_619' title='bbox 489 4392 593 4470; x_wconf 89' lang='lat' dir='ltr'><strong>regiae</strong></span> <span class='ocrx_word' id='word_1_620' title='bbox 608 4392 704 4454; x_wconf 90' lang='lat' dir='ltr'><strong>urbes</strong></span> <span class='ocrx_word' id='word_1_621' title='bbox 717 4408 878 4470; x_wconf 89' lang='lat' dir='ltr'><strong>persarum</strong></span> <span class='ocrx_word' id='word_1_622' title='bbox 889 4399 987 4454; x_wconf 91' lang='lat' dir='ltr'><strong>erant:</strong></span> <span class='ocrx_word' id='word_1_623' title='bbox 998 4392 1055 4454; x_wconf 90' lang='lat' dir='ltr'><strong>sed</strong></span> <span class='ocrx_word' id='word_1_624' title='bbox 1066 4391 1218 4468; x_wconf 91' lang='lat' dir='ltr'><strong>Persepo·</strong></span> <span class='ocrx_word' id='word_1_625' title='bbox 1261 4392 1438 4456; x_wconf 82' lang='lat' dir='ltr'><strong>concitabit</strong></span> <span class='ocrx_word' id='word_1_626' title='bbox 1452 4405 1563 4454; x_wconf 85' lang='lat' dir='ltr'><strong>oncraca</strong></span> <span class='ocrx_word' id='word_1_627' title='bbox 1584 4392 1740 4456; x_wconf 81' lang='lat' dir='ltr'><strong>aduersae</strong></span> <span class='ocrx_word' id='word_1_628' title='bbox 1761 4407 1902 4470; x_wconf 79' lang='lat' dir='ltr'><strong>regnum</strong></span> <span class='ocrx_word' id='word_1_629' title='bbox 1921 4403 2123 4470; x_wconf 82' lang='lat' dir='ltr'><strong>praecorum.</strong></span> 
     </span>
     <span class='ocr_line' id='line_1_47' title="bbox 350 4472 2124 4552; baseline -0.003 -17"><span class='ocrx_word' id='word_1_630' title='bbox 350 4472 390 4535; x_wconf 93' lang='lat' dir='ltr'><strong>lis</strong></span> <span class='ocrx_word' id='word_1_631' title='bbox 406 4473 478 4535; x_wconf 90' lang='lat' dir='ltr'><strong>idco</strong></span> <span class='ocrx_word' id='word_1_632' title='bbox 493 4473 578 4552; x_wconf 88' lang='lat' dir='ltr'><strong>regia</strong></span> <span class='ocrx_word' id='word_1_633' title='bbox 593 4473 764 4547; x_wconf 89' lang='lat' dir='ltr'><strong>dicebatur,</strong></span> <span class='ocrx_word' id='word_1_634' title='bbox 781 4474 865 4551; x_wconf 94' lang='lat' dir='ltr'><strong>quod</strong></span> <span class='ocrx_word' id='word_1_635' title='bbox 879 4474 960 4552; x_wconf 89' lang='lat' dir='ltr'><strong>apud</strong></span> <span class='ocrx_word' id='word_1_636' title='bbox 982 4488 1050 4535; x_wconf 90' lang='lat' dir='ltr'><strong>eam</strong></span> <span class='ocrx_word' id='word_1_637' title='bbox 1072 4487 1165 4550; x_wconf 83' lang='lat' dir='ltr'><strong>gazae</strong></span> <span class='ocrx_word' id='word_1_638' title='bbox 1187 4476 1218 4533; x_wconf 85' lang='lat' dir='ltr'><strong>ei</strong></span> <span class='ocrx_word' id='word_1_639' title='bbox 1262 4475 1381 4552; x_wconf 86' lang='lat' dir='ltr'><strong>Quibus</strong></span> <span class='ocrx_word' id='word_1_640' title='bbox 1398 4473 1500 4536; x_wconf 82' lang='lat' dir='ltr'><strong>uerbis</strong></span> <span class='ocrx_word' id='word_1_641' title='bbox 1516 4478 1621 4552; x_wconf 87' lang='lat' dir='ltr'><strong>aperte</strong></span> <span class='ocrx_word' id='word_1_642' title='bbox 1635 4473 1823 4536; x_wconf 88' lang='lat' dir='ltr'><strong>describitur</strong></span> <span class='ocrx_word' id='word_1_643' title='bbox 1837 4473 1974 4546; x_wconf 83' lang='lat' dir='ltr'><strong>Xerxes,</strong></span> <span class='ocrx_word' id='word_1_644' title='bbox 1993 4472 2124 4552; x_wconf 89' lang='lat' dir='ltr'><strong>quicum</strong></span> 
     </span>
     <span class='ocr_line' id='line_1_48' title="bbox 349 4553 1965 4635; baseline -0.001 -17"><span class='ocrx_word' id='word_1_645' title='bbox 349 4555 495 4635; x_wconf 85' lang='lat' dir='ltr'><strong>scpulcra</strong></span> <span class='ocrx_word' id='word_1_646' title='bbox 508 4570 617 4634; x_wconf 90' lang='lat' dir='ltr'><strong>regum</strong></span> <span class='ocrx_word' id='word_1_647' title='bbox 633 4560 757 4632; x_wconf 83' lang='lat' dir='ltr'><strong>essent3</strong></span> <span class='ocrx_word' id='word_1_648' title='bbox 773 4555 955 4631; x_wconf 81' lang='lat' dir='ltr'><strong>sosarmo,</strong></span> <span class='ocrx_word' id='word_1_649' title='bbox 973 4553 1057 4632; x_wconf 94' lang='lat' dir='ltr'><strong>quod</strong></span> <span class='ocrx_word' id='word_1_650' title='bbox 1074 4553 1106 4614; x_wconf 89' lang='lat' dir='ltr'><strong>in</strong></span> <span class='ocrx_word' id='word_1_651' title='bbox 1118 4568 1154 4615; x_wconf 91' lang='lat' dir='ltr'><strong>ea</strong></span> <span class='ocrx_word' id='word_1_652' title='bbox 1168 4568 1217 4616; x_wconf 90' lang='lat' dir='ltr'><strong>re·</strong></span> <span class='ocrx_word' id='word_1_653' title='bbox 1261 4555 1480 4620; x_wconf 91' lang='lat' dir='ltr'><strong>innumerabili</strong></span> <span class='ocrx_word' id='word_1_654' title='bbox 1496 4556 1633 4618; x_wconf 91' lang='lat' dir='ltr'><strong>exercitu</strong></span> <span class='ocrx_word' id='word_1_655' title='bbox 1647 4555 1730 4617; x_wconf 85' lang='lat' dir='ltr'><strong>veuit</strong></span> <span class='ocrx_word' id='word_1_656' title='bbox 1744 4555 1776 4616; x_wconf 91' lang='lat' dir='ltr'><strong>iu</strong></span> <span class='ocrx_word' id='word_1_657' title='bbox 1793 4554 1965 4617; x_wconf 81' lang='lat' dir='ltr'><strong>Graeciam.</strong></span> 
     </span>
     <span class='ocr_line' id='line_1_49' title="bbox 349 4628 2121 4734; baseline 0.002 -35"><span class='ocrx_word' id='word_1_658' title='bbox 349 4653 407 4717; x_wconf 86' lang='lat' dir='ltr'><strong>ges</strong></span> <span class='ocrx_word' id='word_1_659' title='bbox 422 4637 482 4716; x_wconf 89' lang='lat' dir='ltr'><strong>ipsi</strong></span> <span class='ocrx_word' id='word_1_660' title='bbox 498 4643 702 4699; x_wconf 88' lang='lat' dir='ltr'><strong>morarentur.</strong></span> <span class='ocrx_word' id='word_1_661' title='bbox 718 4635 808 4700; x_wconf 86' lang='lat' dir='ltr'><strong>Susis</strong></span> <span class='ocrx_word' id='word_1_662' title='bbox 822 4641 926 4698; x_wconf 91' lang='lat' dir='ltr'><strong>autem</strong></span> <span class='ocrx_word' id='word_1_663' title='bbox 937 4637 1046 4699; x_wconf 90' lang='lat' dir='ltr'><strong>sedem</strong></span> <span class='ocrx_word' id='word_1_664' title='bbox 1061 4651 1148 4697; x_wconf 89' lang='lat' dir='ltr'><strong>suam</strong></span> <span class='ocrx_word' id='word_1_665' title='bbox 1161 4634 1218 4734; x_wconf 70' lang='lat' dir='ltr'><strong>Eg·</strong></span> <span class='ocrx_word' id='word_1_666' title='bbox 1302 4639 1339 4700; x_wconf 92' lang='lat' dir='ltr'><strong>lu</strong></span> <span class='ocrx_word' id='word_1_667' title='bbox 1354 4637 1434 4699; x_wconf 90' lang='lat' dir='ltr'><strong>libro</strong></span> <span class='ocrx_word' id='word_1_668' title='bbox 1450 4643 1553 4700; x_wconf 85' lang='lat' dir='ltr'><strong>autem</strong></span> <span class='ocrx_word' id='word_1_669' title='bbox 1570 4637 1599 4698; x_wconf 93' lang='grc' dir='ltr'><strong>ι.</strong></span> <span class='ocrx_word' id='word_1_670' title='bbox 1616 4636 1732 4700; x_wconf 90' lang='lat' dir='ltr'><strong>Esdrac</strong></span> <span class='ocrx_word' id='word_1_671' title='bbox 1748 4653 1818 4715; x_wconf 90' lang='lat' dir='ltr'><strong>cap.</strong></span> <span class='ocrx_word' id='word_1_672' title='bbox 1831 4633 1863 4698; x_wconf 89' lang='lat' dir='ltr'><strong>l.</strong></span> <span class='ocrx_word' id='word_1_673' title='bbox 1876 4635 1910 4698; x_wconf 90' lang='grc' dir='ltr'><strong>ιιι</strong></span> <span class='ocrx_word' id='word_1_674' title='bbox 1923 4634 2038 4698; x_wconf 92' lang='lat' dir='ltr'><strong>mentio</strong></span> <span class='ocrx_word' id='word_1_675' title='bbox 2050 4628 2121 4724; x_wconf 69' lang='lat' dir='ltr'><strong>Cyri,</strong></span> 
     </span>
     <span class='ocr_line' id='line_1_50' title="bbox 348 4717 2121 4799; baseline -0.005 -17"><span class='ocrx_word' id='word_1_676' title='bbox 348 4735 403 4782; x_wconf 90' lang='lat' dir='ltr'><strong>rus</strong></span> <span class='ocrx_word' id='word_1_677' title='bbox 418 4719 589 4790; x_wconf 91' lang='lat' dir='ltr'><strong>constituit,</strong></span> <span class='ocrx_word' id='word_1_678' title='bbox 605 4719 688 4798; x_wconf 94' lang='lat' dir='ltr'><strong>quod</strong></span> <span class='ocrx_word' id='word_1_679' title='bbox 704 4735 776 4781; x_wconf 90' lang='lat' dir='ltr'><strong>cum</strong></span> <span class='ocrx_word' id='word_1_680' title='bbox 790 4733 828 4781; x_wconf 89' lang='lat' dir='ltr'><strong>ee</strong></span> <span class='ocrx_word' id='word_1_681' title='bbox 843 4718 949 4780; x_wconf 82' lang='lat' dir='ltr'><strong>civitas</strong></span> <span class='ocrx_word' id='word_1_682' title='bbox 964 4718 1022 4782; x_wconf 88' lang='lat' dir='ltr'><strong>sita</strong></span> <span class='ocrx_word' id='word_1_683' title='bbox 1037 4722 1122 4780; x_wconf 88' lang='lat' dir='ltr'><strong>esset</strong></span> <span class='ocrx_word' id='word_1_684' title='bbox 1136 4717 1166 4779; x_wconf 92' lang='lat' dir='ltr'><strong>iu</strong></span> <span class='ocrx_word' id='word_1_685' title='bbox 1181 4717 1219 4778; x_wconf 84' lang='lat' dir='ltr'><strong>A·</strong></span> <span class='ocrx_word' id='word_1_686' title='bbox 1262 4721 1315 4799; x_wconf 92' lang='lat' dir='ltr'><strong>qui</strong></span> <span class='ocrx_word' id='word_1_687' title='bbox 1332 4720 1480 4798; x_wconf 92' lang='lat' dir='ltr'><strong>templum</strong></span> <span class='ocrx_word' id='word_1_688' title='bbox 1497 4718 1597 4780; x_wconf 87' lang='lat' dir='ltr'><strong>extrui</strong></span> <span class='ocrx_word' id='word_1_689' title='bbox 1610 4719 1717 4799; x_wconf 82' lang='lat' dir='ltr'><strong>jussit3</strong></span> <span class='ocrx_word' id='word_1_690' title='bbox 1732 4717 1858 4782; x_wconf 90' lang='lat' dir='ltr'><strong>Assueri</strong></span> <span class='ocrx_word' id='word_1_691' title='bbox 1873 4734 1931 4780; x_wconf 91' lang='lat' dir='ltr'><strong>seu</strong></span> <span class='ocrx_word' id='word_1_692' title='bbox 1944 4723 2121 4784; x_wconf 79' lang='lat' dir='ltr'><strong>Artaxerxis,</strong></span> 
     </span>
     <span class='ocr_line' id='line_1_51' title="bbox 348 4797 2122 4881; baseline -0.004 -17"><span class='ocrx_word' id='word_1_693' title='bbox 348 4801 444 4865; x_wconf 92' lang='lat' dir='ltr'><strong>uibus</strong></span> <span class='ocrx_word' id='word_1_694' title='bbox 458 4799 616 4880; x_wconf 71' lang='lat' dir='ltr'><strong>Assyriae,</strong></span> <span class='ocrx_word' id='word_1_695' title='bbox 631 4801 785 4873; x_wconf 80' lang='lat' dir='ltr'><strong>Persidis,</strong></span> <span class='ocrx_word' id='word_1_696' title='bbox 801 4805 833 4863; x_wconf 92' lang='lat' dir='ltr'><strong>et</strong></span> <span class='ocrx_word' id='word_1_697' title='bbox 847 4799 983 4874; x_wconf 81' lang='lat' dir='ltr'><strong>Aledius,</strong></span> <span class='ocrx_word' id='word_1_698' title='bbox 1003 4799 1217 4863; x_wconf 88' lang='lat' dir='ltr'><strong>commodissi·</strong></span> <span class='ocrx_word' id='word_1_699' title='bbox 1262 4804 1315 4881; x_wconf 92' lang='lat' dir='ltr'><strong>qui</strong></span> <span class='ocrx_word' id='word_1_700' title='bbox 1331 4802 1466 4881; x_wconf 87' lang='lat' dir='ltr'><strong>idipsum</strong></span> <span class='ocrx_word' id='word_1_701' title='bbox 1483 4800 1652 4880; x_wconf 78' lang='lat' dir='ltr'><strong>prohibui13</strong></span> <span class='ocrx_word' id='word_1_702' title='bbox 1669 4807 1701 4864; x_wconf 91' lang='lat' dir='ltr'><strong>et</strong></span> <span class='ocrx_word' id='word_1_703' title='bbox 1715 4801 1817 4874; x_wconf 87' lang='lat' dir='ltr'><strong>Darii,</strong></span> <span class='ocrx_word' id='word_1_704' title='bbox 1841 4799 1893 4878; x_wconf 94' lang='lat' dir='ltr'><strong>qui</strong></span> <span class='ocrx_word' id='word_1_705' title='bbox 1909 4799 2020 4863; x_wconf 90' lang='lat' dir='ltr'><strong>iterum</strong></span> <span class='ocrx_word' id='word_1_706' title='bbox 2035 4797 2122 4872; x_wconf 86' lang='lat' dir='ltr'><strong>impc-</strong></span> 
     </span>
     <span class='ocr_line' id='line_1_52' title="bbox 306 4877 2122 4966; baseline -0.002 -22"><span class='ocrx_word' id='word_1_707' title='bbox 306 4932 312 4940; x_wconf 95' lang='lat'><strong>.</strong></span> <span class='ocrx_word' id='word_1_708' title='bbox 349 4899 402 4946; x_wconf 90' lang='lat' dir='ltr'><strong>me</strong></span> <span class='ocrx_word' id='word_1_709' title='bbox 417 4890 538 4963; x_wconf 88' lang='lat' dir='ltr'><strong>poterat</strong></span> <span class='ocrx_word' id='word_1_710' title='bbox 557 4884 630 4945; x_wconf 93' lang='lat' dir='ltr'><strong>inde</strong></span> <span class='ocrx_word' id='word_1_711' title='bbox 652 4884 831 4946; x_wconf 79' lang='lat' dir='ltr'><strong>universum</strong></span> <span class='ocrx_word' id='word_1_712' title='bbox 852 4881 1016 4960; x_wconf 87' lang='lat' dir='ltr'><strong>imperium</strong></span> <span class='ocrx_word' id='word_1_713' title='bbox 1039 4880 1166 4944; x_wconf 88' lang='lat' dir='ltr'><strong>delendi</strong></span> <span class='ocrx_word' id='word_1_714' title='bbox 1188 4886 1220 4943; x_wconf 91' lang='lat' dir='ltr'><strong>et</strong></span> <span class='ocrx_word' id='word_1_715' title='bbox 1261 4884 1339 4947; x_wconf 83' lang='lat' dir='ltr'><strong>ravit</strong></span> <span class='ocrx_word' id='word_1_716' title='bbox 1354 4889 1387 4945; x_wconf 90' lang='lat' dir='ltr'><strong>ut</strong></span> <span class='ocrx_word' id='word_1_717' title='bbox 1403 4885 1551 4960; x_wconf 88' lang='lat' dir='ltr'><strong>templum</strong></span> <span class='ocrx_word' id='word_1_718' title='bbox 1567 4881 1794 4946; x_wconf 84' lang='lat' dir='ltr'><strong>aediticaretur.</strong></span> <span class='ocrx_word' id='word_1_719' title='bbox 1811 4879 1933 4944; x_wconf 87' lang='lat' dir='ltr'><strong>Deinde</strong></span> <span class='ocrx_word' id='word_1_720' title='bbox 1950 4877 2122 4966; x_wconf 69' lang='lat' dir='ltr'><strong>capherei</strong></span> 
     </span>
     <span class='ocr_line' id='line_1_53' title="bbox 350 4962 2120 5044; baseline -0.007 -17"><span class='ocrx_word' id='word_1_721' title='bbox 350 4966 431 5043; x_wconf 87' lang='lat' dir='ltr'><strong>regi.</strong></span> <span class='ocrx_word' id='word_1_722' title='bbox 457 4966 523 5026; x_wconf 87' lang='lat' dir='ltr'><strong>lion</strong></span> <span class='ocrx_word' id='word_1_723' title='bbox 537 4964 630 5044; x_wconf 87' lang='lat' dir='ltr'><strong>igitur</strong></span> <span class='ocrx_word' id='word_1_724' title='bbox 644 4965 798 5029; x_wconf 90' lang='lat' dir='ltr'><strong>Assuerus</strong></span> <span class='ocrx_word' id='word_1_725' title='bbox 824 4963 951 5028; x_wconf 87' lang='lat' dir='ltr'><strong>maritus</strong></span> <span class='ocrx_word' id='word_1_726' title='bbox 971 4963 1082 5028; x_wconf 88' lang='lat' dir='ltr'><strong>Esther</strong></span> <span class='ocrx_word' id='word_1_727' title='bbox 1106 4963 1218 5026; x_wconf 90' lang='lat' dir='ltr'><strong>medus</strong></span> <span class='ocrx_word' id='word_1_728' title='bbox 1263 4966 1387 5028; x_wconf 89' lang='lat' dir='ltr'><strong>Durium</strong></span> <span class='ocrx_word' id='word_1_729' title='bbox 1403 4965 1528 5042; x_wconf 89' lang='lat' dir='ltr'><strong>ponitur</strong></span> <span class='ocrx_word' id='word_1_730' title='bbox 1549 4965 1627 5028; x_wconf 88' lang='lat' dir='ltr'><strong>alius</strong></span> <span class='ocrx_word' id='word_1_731' title='bbox 1642 4963 1833 5037; x_wconf 89' lang='lat' dir='ltr'><strong>Artaxerxes,</strong></span> <span class='ocrx_word' id='word_1_732' title='bbox 1857 4962 1912 5041; x_wconf 92' lang='lat' dir='ltr'><strong>qui</strong></span> <span class='ocrx_word' id='word_1_733' title='bbox 1927 4965 2016 5025; x_wconf 88' lang='lat' dir='ltr'><strong>etiam</strong></span> <span class='ocrx_word' id='word_1_734' title='bbox 2033 4971 2120 5020; x_wconf 86' lang='lat' dir='ltr'><strong>uomi-</strong></span> 
     </span>
     <span class='ocr_line' id='line_1_54' title="bbox 349 5034 2119 5126; baseline -0.007 -17"><span class='ocrx_word' id='word_1_735' title='bbox 349 5047 465 5125; x_wconf 88' lang='lat' dir='ltr'><strong>aiiquis</strong></span> <span class='ocrx_word' id='word_1_736' title='bbox 477 5045 547 5122; x_wconf 82' lang='lat' dir='ltr'><strong>luit,</strong></span> <span class='ocrx_word' id='word_1_737' title='bbox 563 5046 619 5108; x_wconf 93' lang='lat' dir='ltr'><strong>sed</strong></span> <span class='ocrx_word' id='word_1_738' title='bbox 635 5062 739 5126; x_wconf 82' lang='lat' dir='ltr'><strong>perse.</strong></span> <span class='ocrx_word' id='word_1_739' title='bbox 1263 5053 1354 5110; x_wconf 88' lang='lat' dir='ltr'><strong>uaiur</strong></span> <span class='ocrx_word' id='word_1_740' title='bbox 1369 5046 1400 5107; x_wconf 93' lang='lat' dir='ltr'><strong>iu</strong></span> <span class='ocrx_word' id='word_1_741' title='bbox 1417 5047 1472 5107; x_wconf 86' lang='lat' dir='ltr'><strong>lib.</strong></span> <span class='ocrx_word' id='word_1_742' title='bbox 1489 5046 1521 5107; x_wconf 77' lang='grc'><strong>2.</strong></span> <span class='ocrx_word' id='word_1_743' title='bbox 1537 5045 1665 5124; x_wconf 86' lang='lat' dir='ltr'><strong>Esdrac</strong></span> <span class='ocrx_word' id='word_1_744' title='bbox 1677 5062 1746 5126; x_wconf 89' lang='lat' dir='ltr'><strong>cap.</strong></span> <span class='ocrx_word' id='word_1_745' title='bbox 1764 5046 1796 5108; x_wconf 82' lang='lat'><strong>2.</strong></span> <span class='ocrx_word' id='word_1_746' title='bbox 1820 5043 1881 5108; x_wconf 85' lang='lat' dir='ltr'><strong>Cur</strong></span> <span class='ocrx_word' id='word_1_747' title='bbox 1902 5051 2004 5108; x_wconf 83' lang='lat' dir='ltr'><strong>cotem</strong></span> <span class='ocrx_word' id='word_1_748' title='bbox 2025 5034 2119 5103; x_wconf 88' lang='lat' dir='ltr'><strong>Daniel</strong></span> 
     </span>
    </p>

    <p class='ocr_par' dir='ltr' id='par_1_10' title="bbox 347 5118 2118 5620">
     <span class='ocr_line' id='line_1_55' title="bbox 389 5118 2118 5210; baseline -0.009 -18"><span class='ocrx_word' id='word_1_749' title='bbox 389 5129 524 5192; x_wconf 88' lang='lat' dir='ltr'><strong>Aliorum</strong></span> <span class='ocrx_word' id='word_1_750' title='bbox 545 5128 651 5207; x_wconf 88' lang='lat' dir='ltr'><strong>opinio</strong></span> <span class='ocrx_word' id='word_1_751' title='bbox 666 5134 730 5203; x_wconf 92' lang='lat' dir='ltr'><strong>est,</strong></span> <span class='ocrx_word' id='word_1_752' title='bbox 751 5128 893 5190; x_wconf 90' lang='lat' dir='ltr'><strong>maritum</strong></span> <span class='ocrx_word' id='word_1_753' title='bbox 913 5127 1025 5190; x_wconf 90' lang='lat' dir='ltr'><strong>Esther</strong></span> <span class='ocrx_word' id='word_1_754' title='bbox 1043 5142 1105 5188; x_wconf 92' lang='lat' dir='ltr'><strong>non</strong></span> <span class='ocrx_word' id='word_1_755' title='bbox 1125 5125 1219 5188; x_wconf 90' lang='lat' dir='ltr'><strong>ulium</strong></span> <span class='ocrx_word' id='word_1_756' title='bbox 1263 5135 1334 5210; x_wconf 91' lang='lat' dir='ltr'><strong>post</strong></span> <span class='ocrx_word' id='word_1_757' title='bbox 1347 5128 1479 5191; x_wconf 85' lang='lat' dir='ltr'><strong>Xerxem</strong></span> <span class='ocrx_word' id='word_1_758' title='bbox 1496 5128 1643 5190; x_wconf 90' lang='lat' dir='ltr'><strong>continuo</strong></span> <span class='ocrx_word' id='word_1_759' title='bbox 1658 5132 1793 5190; x_wconf 77' lang='lat' dir='ltr'><strong>trauseat</strong></span> <span class='ocrx_word' id='word_1_760' title='bbox 1807 5127 1846 5190; x_wconf 89' lang='lat' dir='ltr'><strong>ad</strong></span> <span class='ocrx_word' id='word_1_761' title='bbox 1859 5125 2058 5190; x_wconf 89' lang='lat' dir='ltr'><strong>Alexandrum</strong></span> <span class='ocrx_word' id='word_1_762' title='bbox 2067 5118 2118 5180; x_wconf 88' lang='lat' dir='ltr'><strong>lla·</strong></span> 
     </span>
     <span class='ocr_line' id='line_1_56' title="bbox 347 5205 2117 5291; baseline -0.009 -15"><span class='ocrx_word' id='word_1_763' title='bbox 347 5226 422 5276; x_wconf 89' lang='lat' dir='ltr'><strong>esse</strong></span> <span class='ocrx_word' id='word_1_764' title='bbox 436 5227 531 5291; x_wconf 90' lang='lat' dir='ltr'><strong>posse</strong></span> <span class='ocrx_word' id='word_1_765' title='bbox 546 5227 637 5289; x_wconf 89' lang='lat' dir='ltr'><strong>quarn</strong></span> <span class='ocrx_word' id='word_1_766' title='bbox 653 5209 860 5290; x_wconf 74' lang='lat' dir='ltr'><strong>cambysem,</strong></span> <span class='ocrx_word' id='word_1_767' title='bbox 883 5210 938 5288; x_wconf 92' lang='lat' dir='ltr'><strong>qui</strong></span> <span class='ocrx_word' id='word_1_768' title='bbox 959 5209 1051 5272; x_wconf 89' lang='lat' dir='ltr'><strong>etiam</strong></span> <span class='ocrx_word' id='word_1_769' title='bbox 1066 5210 1219 5272; x_wconf 90' lang='lat' dir='ltr'><strong>Assuerus</strong></span> <span class='ocrx_word' id='word_1_770' title='bbox 1264 5226 1371 5290; x_wconf 88' lang='lat' dir='ltr'><strong>gnum,</strong></span> <span class='ocrx_word' id='word_1_771' title='bbox 1388 5211 1464 5272; x_wconf 91' lang='lat' dir='ltr'><strong>ratio</strong></span> <span class='ocrx_word' id='word_1_772' title='bbox 1481 5215 1545 5283; x_wconf 91' lang='lat' dir='ltr'><strong>est,</strong></span> <span class='ocrx_word' id='word_1_773' title='bbox 1563 5217 1596 5271; x_wconf 92' lang='lat' dir='ltr'><strong>ut</strong></span> <span class='ocrx_word' id='word_1_774' title='bbox 1610 5209 1720 5271; x_wconf 89' lang='lat' dir='ltr'><strong>scribit</strong></span> <span class='ocrx_word' id='word_1_775' title='bbox 1734 5209 1767 5270; x_wconf 92' lang='lat' dir='ltr'><strong>in</strong></span> <span class='ocrx_word' id='word_1_776' title='bbox 1782 5225 1853 5272; x_wconf 89' lang='lat' dir='ltr'><strong>eum</strong></span> <span class='ocrx_word' id='word_1_777' title='bbox 1868 5210 1974 5272; x_wconf 91' lang='lat' dir='ltr'><strong>locum</strong></span> <span class='ocrx_word' id='word_1_778' title='bbox 1991 5205 2117 5270; x_wconf 82' lang='lat' dir='ltr'><strong>sillero·</strong></span> 
     </span>
     <span class='ocr_line' id='line_1_57' title="bbox 350 5288 2115 5373; baseline -0.006 -16"><span class='ocrx_word' id='word_1_779' title='bbox 350 5294 480 5368; x_wconf 88' lang='lat' dir='ltr'><strong>dicitur,</strong></span> <span class='ocrx_word' id='word_1_780' title='bbox 498 5294 527 5355; x_wconf 89' lang='lat' dir='ltr'><strong>A.</strong></span> <span class='ocrx_word' id='word_1_781' title='bbox 545 5293 633 5354; x_wconf 87' lang='lat' dir='ltr'><strong>Esdr.</strong></span> <span class='ocrx_word' id='word_1_782' title='bbox 650 5293 682 5355; x_wconf 80' lang='lat' dir='ltr'><strong>A.</strong></span> <span class='ocrx_word' id='word_1_783' title='bbox 699 5291 783 5366; x_wconf 87' lang='lat' dir='ltr'><strong>Quae</strong></span> <span class='ocrx_word' id='word_1_784' title='bbox 798 5293 954 5354; x_wconf 86' lang='lat' dir='ltr'><strong>sententia</strong></span> <span class='ocrx_word' id='word_1_785' title='bbox 972 5291 1156 5371; x_wconf 83' lang='lat' dir='ltr'><strong>judaeorum</strong></span> <span class='ocrx_word' id='word_1_786' title='bbox 1172 5295 1221 5352; x_wconf 90' lang='lat' dir='ltr'><strong>est</strong></span> <span class='ocrx_word' id='word_1_787' title='bbox 1264 5308 1387 5373; x_wconf 76' lang='lat' dir='ltr'><strong>ngmus,</strong></span> <span class='ocrx_word' id='word_1_788' title='bbox 1405 5292 1476 5370; x_wconf 84' lang='lat' dir='ltr'><strong>quic</strong></span> <span class='ocrx_word' id='word_1_789' title='bbox 1491 5291 1599 5353; x_wconf 87' lang='lat' dir='ltr'><strong>Deuiel</strong></span> <span class='ocrx_word' id='word_1_790' title='bbox 1614 5305 1678 5352; x_wconf 92' lang='lat' dir='ltr'><strong>nou</strong></span> <span class='ocrx_word' id='word_1_791' title='bbox 1694 5297 1899 5370; x_wconf 82' lang='lat' dir='ltr'><strong>proposuerat</strong></span> <span class='ocrx_word' id='word_1_792' title='bbox 1913 5288 2063 5354; x_wconf 86' lang='lat' dir='ltr'><strong>historiam</strong></span> <span class='ocrx_word' id='word_1_793' title='bbox 2074 5293 2115 5342; x_wconf 79' lang='grc' dir='ltr'><strong>ιι·</strong></span> 
     </span>
     <span class='ocr_line' id='line_1_58' title="bbox 348 5363 2112 5455; baseline -0.011 -16"><span class='ocrx_word' id='word_1_794' title='bbox 348 5376 383 5440; x_wconf 88' lang='grc' dir='ltr'><strong>ιιι</strong></span> <span class='ocrx_word' id='word_1_795' title='bbox 398 5392 434 5438; x_wconf 92' lang='lat' dir='ltr'><strong>ca</strong></span> <span class='ocrx_word' id='word_1_796' title='bbox 449 5374 662 5455; x_wconf 85' lang='lat' dir='ltr'><strong>chronologia,</strong></span> <span class='ocrx_word' id='word_1_797' title='bbox 674 5391 753 5453; x_wconf 87' lang='lat' dir='ltr'><strong>quoe</strong></span> <span class='ocrx_word' id='word_1_798' title='bbox 775 5363 854 5455; x_wconf 61' lang='lat' dir='ltr'><strong>obrp</strong></span> <span class='ocrx_word' id='word_1_799' title='bbox 871 5385 947 5448; x_wconf 66' lang='lat' dir='ltr'><strong>urb,</strong></span> <span class='ocrx_word' id='word_1_800' title='bbox 960 5373 1053 5445; x_wconf 89' lang='lat' dir='ltr'><strong>idest,</strong></span> <span class='ocrx_word' id='word_1_801' title='bbox 1066 5372 1141 5434; x_wconf 90' lang='lat' dir='ltr'><strong>ordo</strong></span> <span class='ocrx_word' id='word_1_802' title='bbox 1153 5387 1221 5433; x_wconf 87' lang='lat' dir='ltr'><strong>see·</strong></span> <span class='ocrx_word' id='word_1_803' title='bbox 1264 5391 1337 5451; x_wconf 84' lang='lat' dir='ltr'><strong>gum</strong></span> <span class='ocrx_word' id='word_1_804' title='bbox 1354 5379 1469 5446; x_wconf 88' lang='lat' dir='ltr'><strong>texere,</strong></span> <span class='ocrx_word' id='word_1_805' title='bbox 1486 5373 1542 5435; x_wconf 90' lang='lat' dir='ltr'><strong>sed</strong></span> <span class='ocrx_word' id='word_1_806' title='bbox 1556 5373 1738 5451; x_wconf 90' lang='lat' dir='ltr'><strong>praedicere</strong></span> <span class='ocrx_word' id='word_1_807' title='bbox 1753 5389 1919 5454; x_wconf 84' lang='lat' dir='ltr'><strong>regnorum</strong></span> <span class='ocrx_word' id='word_1_808' title='bbox 1936 5368 2112 5436; x_wconf 87' lang='lat' dir='ltr'><strong>mutationes.</strong></span> 
     </span>
     <span class='ocr_line' id='line_1_59' title="bbox 351 5452 2112 5535; baseline -0.005 -15"><span class='ocrx_word' id='word_1_809' title='bbox 351 5458 415 5520; x_wconf 92' lang='lat' dir='ltr'><strong>culi</strong></span> <span class='ocrx_word' id='word_1_810' title='bbox 429 5457 619 5535; x_wconf 84' lang='lat' dir='ltr'><strong>inscribitur3</strong></span> <span class='ocrx_word' id='word_1_811' title='bbox 635 5463 667 5519; x_wconf 95' lang='lat' dir='ltr'><strong>et</strong></span> <span class='ocrx_word' id='word_1_812' title='bbox 681 5456 814 5520; x_wconf 88' lang='lat' dir='ltr'><strong>eandem</strong></span> <span class='ocrx_word' id='word_1_813' title='bbox 828 5457 969 5534; x_wconf 88' lang='lat' dir='ltr'><strong>sequitur</strong></span> <span class='ocrx_word' id='word_1_814' title='bbox 989 5453 1147 5518; x_wconf 83' lang='lat' dir='ltr'><strong>Gilbertus</strong></span> <span class='ocrx_word' id='word_1_815' title='bbox 1162 5452 1220 5517; x_wconf 85' lang='lat' dir='ltr'><strong>(le-</strong></span> <span class='ocrx_word' id='word_1_816' title='bbox 1264 5455 1441 5518; x_wconf 83' lang='lat' dir='ltr'><strong>Numeravit</strong></span> <span class='ocrx_word' id='word_1_817' title='bbox 1451 5454 1545 5534; x_wconf 88' lang='lat' dir='ltr'><strong>igitur</strong></span> <span class='ocrx_word' id='word_1_818' title='bbox 1556 5469 1647 5533; x_wconf 90' lang='lat' dir='ltr'><strong>reges</strong></span> <span class='ocrx_word' id='word_1_819' title='bbox 1661 5470 1929 5533; x_wconf 89' lang='lat' dir='ltr'><strong>persarumusque</strong></span> <span class='ocrx_word' id='word_1_820' title='bbox 1943 5453 2112 5518; x_wconf 72' lang='lat' dir='ltr'><strong>anienem·</strong></span> 
     </span>
     <span class='ocr_line' id='line_1_60' title="bbox 350 5528 2115 5620; baseline -0.006 -16"><span class='ocrx_word' id='word_1_821' title='bbox 350 5539 525 5604; x_wconf 87' lang='lat' dir='ltr'><strong>uebrerdus</strong></span> <span class='ocrx_word' id='word_1_822' title='bbox 540 5539 571 5600; x_wconf 93' lang='lat' dir='ltr'><strong>in</strong></span> <span class='ocrx_word' id='word_1_823' title='bbox 586 5555 643 5602; x_wconf 88' lang='lat' dir='ltr'><strong>sua</strong></span> <span class='ocrx_word' id='word_1_824' title='bbox 658 5538 874 5617; x_wconf 88' lang='lat' dir='ltr'><strong>chronologia.</strong></span> <span class='ocrx_word' id='word_1_825' title='bbox 1265 5539 1319 5616; x_wconf 94' lang='lat' dir='ltr'><strong>qui</strong></span> <span class='ocrx_word' id='word_1_826' title='bbox 1334 5536 1451 5599; x_wconf 87' lang='lat' dir='ltr'><strong>bellum</strong></span> <span class='ocrx_word' id='word_1_827' title='bbox 1467 5535 1564 5614; x_wconf 88' lang='lat' dir='ltr'><strong>gessit</strong></span> <span class='ocrx_word' id='word_1_828' title='bbox 1579 5535 1728 5600; x_wconf 81' lang='lat' dir='ltr'><strong>adversus</strong></span> <span class='ocrx_word' id='word_1_829' title='bbox 1742 5552 1889 5615; x_wconf 77' lang='lat' dir='ltr'><strong>graeceS,</strong></span> <span class='ocrx_word' id='word_1_830' title='bbox 1912 5543 1947 5598; x_wconf 91' lang='lat' dir='ltr'><strong>ut</strong></span> <span class='ocrx_word' id='word_1_831' title='bbox 1962 5528 2115 5620; x_wconf 67' lang='lat' dir='ltr'><strong>indiceret,</strong></span> 
     </span>
    </p>

    <p class='ocr_par' dir='ltr' id='par_1_11' title="bbox 351 5617 2118 5863">
     <span class='ocr_line' id='line_1_61' title="bbox 393 5617 2116 5698; baseline -0.006 -18"><span class='ocrx_word' id='word_1_832' title='bbox 393 5621 486 5683; x_wconf 91' lang='lat' dir='ltr'><strong>Porro</strong></span> <span class='ocrx_word' id='word_1_833' title='bbox 500 5619 607 5698; x_wconf 84' lang='lat' dir='ltr'><strong>judaei</strong></span> <span class='ocrx_word' id='word_1_834' title='bbox 621 5628 684 5684; x_wconf 91' lang='lat' dir='ltr'><strong>tres</strong></span> <span class='ocrx_word' id='word_1_835' title='bbox 699 5627 818 5684; x_wconf 88' lang='lat' dir='ltr'><strong>tautum</strong></span> <span class='ocrx_word' id='word_1_836' title='bbox 833 5623 999 5681; x_wconf 88' lang='lat' dir='ltr'><strong>numerant</strong></span> <span class='ocrx_word' id='word_1_837' title='bbox 1010 5633 1103 5698; x_wconf 87' lang='lat' dir='ltr'><strong>reges</strong></span> <span class='ocrx_word' id='word_1_838' title='bbox 1113 5617 1221 5681; x_wconf 90' lang='lat' dir='ltr'><strong>Persa·</strong></span> <span class='ocrx_word' id='word_1_839' title='bbox 1265 5617 1339 5680; x_wconf 93' lang='lat' dir='ltr'><strong>iude</strong></span> <span class='ocrx_word' id='word_1_840' title='bbox 1355 5625 1462 5697; x_wconf 86' lang='lat' dir='ltr'><strong>postca</strong></span> <span class='ocrx_word' id='word_1_841' title='bbox 1477 5623 1578 5679; x_wconf 90' lang='lat' dir='ltr'><strong>natam</strong></span> <span class='ocrx_word' id='word_1_842' title='bbox 1596 5633 1668 5682; x_wconf 89' lang='lat' dir='ltr'><strong>esse</strong></span> <span class='ocrx_word' id='word_1_843' title='bbox 1684 5618 1899 5689; x_wconf 84' lang='lat' dir='ltr'><strong>occasionem,</strong></span> <span class='ocrx_word' id='word_1_844' title='bbox 1923 5623 1956 5680; x_wconf 93' lang='lat' dir='ltr'><strong>ut</strong></span> <span class='ocrx_word' id='word_1_845' title='bbox 1971 5626 2064 5698; x_wconf 84' lang='lat' dir='ltr'><strong>graeci</strong></span> <span class='ocrx_word' id='word_1_846' title='bbox 2077 5619 2116 5664; x_wconf 84' lang='lat' dir='ltr'><strong>er·</strong></span> 
     </span>
     <span class='ocr_line' id='line_1_62' title="bbox 351 5689 2118 5782; baseline -0.007 -17"><span class='ocrx_word' id='word_1_847' title='bbox 351 5719 432 5777; x_wconf 89' lang='lat' dir='ltr'><strong>rum,</strong></span> <span class='ocrx_word' id='word_1_848' title='bbox 449 5699 574 5782; x_wconf 73' lang='lat' dir='ltr'><strong>Cyrum,</strong></span> <span class='ocrx_word' id='word_1_849' title='bbox 590 5701 768 5779; x_wconf 89' lang='lat' dir='ltr'><strong>Assuerum,</strong></span> <span class='ocrx_word' id='word_1_850' title='bbox 785 5708 818 5764; x_wconf 94' lang='lat' dir='ltr'><strong>ct</strong></span> <span class='ocrx_word' id='word_1_851' title='bbox 831 5702 974 5774; x_wconf 87' lang='lat' dir='ltr'><strong>Darium,</strong></span> <span class='ocrx_word' id='word_1_852' title='bbox 997 5703 1051 5780; x_wconf 93' lang='lat' dir='ltr'><strong>qui</strong></span> <span class='ocrx_word' id='word_1_853' title='bbox 1072 5717 1089 5762; x_wconf 89' lang='lat' dir='ltr'><strong>a</strong></span> <span class='ocrx_word' id='word_1_854' title='bbox 1110 5700 1221 5779; x_wconf 86' lang='lat' dir='ltr'><strong>lingue</strong></span> <span class='ocrx_word' id='word_1_855' title='bbox 1265 5699 1465 5762; x_wconf 90' lang='lat' dir='ltr'><strong>marcuturin</strong></span> <span class='ocrx_word' id='word_1_856' title='bbox 1478 5715 1726 5780; x_wconf 87' lang='lat' dir='ltr'><strong>persas,eosque</strong></span> <span class='ocrx_word' id='word_1_857' title='bbox 1739 5699 1862 5763; x_wconf 90' lang='lat' dir='ltr'><strong>taudem</strong></span> <span class='ocrx_word' id='word_1_858' title='bbox 1873 5689 2118 5763; x_wconf 82' lang='lat' dir='ltr'><strong>Alexandroducc</strong></span> 
     </span>
     <span class='ocr_line' id='line_1_63' title="bbox 352 5781 1598 5863; baseline -0.001 -17"><span class='ocrx_word' id='word_1_859' title='bbox 352 5785 523 5846; x_wconf 84' lang='lat' dir='ltr'><strong>Alexandro</strong></span> <span class='ocrx_word' id='word_1_860' title='bbox 538 5786 637 5846; x_wconf 86' lang='lat' dir='ltr'><strong>rictus</strong></span> <span class='ocrx_word' id='word_1_861' title='bbox 654 5783 721 5845; x_wconf 87' lang='lat' dir='ltr'><strong>luit:</strong></span> <span class='ocrx_word' id='word_1_862' title='bbox 738 5785 885 5863; x_wconf 88' lang='lat' dir='ltr'><strong>quocirca</strong></span> <span class='ocrx_word' id='word_1_863' title='bbox 905 5784 990 5846; x_wconf 89' lang='lat' dir='ltr'><strong>nulla</strong></span> <span class='ocrx_word' id='word_1_864' title='bbox 1012 5782 1059 5846; x_wconf 90' lang='lat' dir='ltr'><strong>eis</strong></span> <span class='ocrx_word' id='word_1_865' title='bbox 1080 5782 1221 5861; x_wconf 86' lang='lat' dir='ltr'><strong>qucestio</strong></span> <span class='ocrx_word' id='word_1_866' title='bbox 1267 5781 1397 5860; x_wconf 89' lang='lat' dir='ltr'><strong>imperio</strong></span> <span class='ocrx_word' id='word_1_867' title='bbox 1415 5783 1598 5860; x_wconf 89' lang='lat' dir='ltr'><strong>spoliarent.</strong></span> 
     </span>
    </p>
   </div>
   <div class='ocr_carea' id='block_1_5' title="bbox 352 5845 2123 6028">
    <p class='ocr_par' dir='ltr' id='par_1_12' title="bbox 352 5845 2123 6028">
     <span class='ocr_line' id='line_1_64' title="bbox 352 5845 2121 5944; baseline -0.01 -16"><span class='ocrx_word' id='word_1_868' title='bbox 352 5872 493 5930; x_wconf 80' lang='lat' dir='ltr'><strong>remanet</strong></span> <span class='ocrx_word' id='word_1_869' title='bbox 507 5866 547 5930; x_wconf 92' lang='lat' dir='ltr'><strong>de</strong></span> <span class='ocrx_word' id='word_1_870' title='bbox 561 5869 661 5928; x_wconf 88' lang='lat' dir='ltr'><strong>aetate</strong></span> <span class='ocrx_word' id='word_1_871' title='bbox 675 5865 870 5930; x_wconf 87' lang='lat' dir='ltr'><strong>llardoohaei</strong></span> <span class='ocrx_word' id='word_1_872' title='bbox 886 5871 917 5928; x_wconf 90' lang='lat' dir='ltr'><strong>ct</strong></span> <span class='ocrx_word' id='word_1_873' title='bbox 931 5866 1054 5940; x_wconf 91' lang='lat' dir='ltr'><strong>Esther,</strong></span> <span class='ocrx_word' id='word_1_874' title='bbox 1070 5865 1120 5928; x_wconf 84' lang='lat' dir='ltr'><strong>rel</strong></span> <span class='ocrx_word' id='word_1_875' title='bbox 1134 5867 1174 5927; x_wconf 92' lang='lat' dir='ltr'><strong>de</strong></span> <span class='ocrx_word' id='word_1_876' title='bbox 1186 5864 1222 5924; x_wconf 90' lang='lat' dir='ltr'><strong>A·</strong></span> <span class='ocrx_word' id='word_1_877' title='bbox 1307 5863 1447 5926; x_wconf 88' lang='lat' dir='ltr'><strong>Alterum</strong></span> <span class='ocrx_word' id='word_1_878' title='bbox 1463 5862 1540 5926; x_wconf 91' lang='lat' dir='ltr'><strong>iliud</strong></span> <span class='ocrx_word' id='word_1_879' title='bbox 1560 5867 1775 5944; x_wconf 87' lang='lat' dir='ltr'><strong>argumentum</strong></span> <span class='ocrx_word' id='word_1_880' title='bbox 1797 5863 1837 5932; x_wconf 90' lang='lat' dir='ltr'><strong>de</strong></span> <span class='ocrx_word' id='word_1_881' title='bbox 1858 5879 1989 5926; x_wconf 90' lang='lat' dir='ltr'><strong>numero</strong></span> <span class='ocrx_word' id='word_1_882' title='bbox 2012 5845 2121 5940; x_wconf 87' lang='lat' dir='ltr'><strong>pontili-</strong></span> 
     </span>
     <span class='ocr_line' id='line_1_65' title="bbox 352 5933 2123 6028; baseline -0.006 -14"><span class='ocrx_word' id='word_1_883' title='bbox 352 5963 426 6014; x_wconf 86' lang='lat' dir='ltr'><strong>mau</strong></span> <span class='ocrx_word' id='word_1_884' title='bbox 438 5946 869 6028; x_wconf 81' lang='lat' dir='ltr'><strong>etrcgnoilaeedcaiac.lrcs</strong></span> <span class='ocrx_word' id='word_1_885' title='bbox 881 5952 983 6014; x_wconf 89' lang='lat' dir='ltr'><strong>autem</strong></span> <span class='ocrx_word' id='word_1_886' title='bbox 995 5951 1112 6012; x_wconf 85' lang='lat' dir='ltr'><strong>tantum</strong></span> <span class='ocrx_word' id='word_1_887' title='bbox 1124 5946 1222 6014; x_wconf 86' lang='lat' dir='ltr'><strong>luisse</strong></span> <span class='ocrx_word' id='word_1_888' title='bbox 1267 5961 1351 6026; x_wconf 87' lang='lat' dir='ltr'><strong>cum,</strong></span> <span class='ocrx_word' id='word_1_889' title='bbox 1368 5945 1458 6011; x_wconf 88' lang='lat' dir='ltr'><strong>diluit</strong></span> <span class='ocrx_word' id='word_1_890' title='bbox 1472 5945 1557 6011; x_wconf 88' lang='lat' dir='ltr'><strong>Beda</strong></span> <span class='ocrx_word' id='word_1_891' title='bbox 1570 5947 1626 6011; x_wconf 90' lang='lat' dir='ltr'><strong>lib.</strong></span> <span class='ocrx_word' id='word_1_892' title='bbox 1644 5945 1674 6008; x_wconf 82' lang='grc'><strong>3.</strong></span> <span class='ocrx_word' id='word_1_893' title='bbox 1697 5945 1731 6009; x_wconf 90' lang='lat' dir='ltr'><strong>iu</strong></span> <span class='ocrx_word' id='word_1_894' title='bbox 1746 5947 1835 6012; x_wconf 88' lang='lat' dir='ltr'><strong>Esdr.</strong></span> <span class='ocrx_word' id='word_1_895' title='bbox 1852 5963 1921 6028; x_wconf 88' lang='lat' dir='ltr'><strong>cap.</strong></span> <span class='ocrx_word' id='word_1_896' title='bbox 1939 5945 1991 6011; x_wconf 78' lang='lat'><strong>32.</strong></span> <span class='ocrx_word' id='word_1_897' title='bbox 2012 5937 2062 6005; x_wconf 89' lang='lat' dir='ltr'><strong>ubi</strong></span> <span class='ocrx_word' id='word_1_898' title='bbox 2075 5933 2123 5998; x_wconf 79' lang='grc' dir='ltr'><strong>ιο·</strong></span> 
     </span>
    </p>
   </div>
   <div class='ocr_carea' id='block_1_6' title="bbox 0 0 2400 7009">
    <p class='ocr_par' dir='ltr' id='par_1_13' title="bbox 0 0 2400 7009">
     <span class='ocr_line' id='line_1_66' title="bbox 0 0 2400 7009; baseline 0 0"><span class='ocrx_word' id='word_1_899' title='bbox 0 0 2400 7009; x_wconf 95' lang='lat' dir='ltr'><strong> </strong></span> 
     </span>
    </p>
   </div>
  </div>
 </body>
</html>
