4792 7009
994 749 1091 810 LIBER
1108 747 1229 810 tetttts
1872 753 1923 811 itt

235 974 292 1034 deo
316 987 435 1042 norum,
452 977 485 1032 ut
500 971 575 1032 nrrlti
601 972 741 1032 l'eterum
757 971 786 1032 in
803 977 936 1033 mentem
959 972 1087 1045 tenerit,
1132 969 1276 1034 maiades
1290 983 1348 1046 per
1361 970 1470 1045 ipsum
1483 971 1586 1046 locitas
1602 977 1655 1046 ast,
1674 971 1762 1036 idest.
1781 980 1810 1034 et
1825 975 1993 1054 tomcnip·

235 1061 266 1116 ut
289 1059 371 1132 patet
395 1053 510 1132 legenti
525 1053 700 1128 eriperem,
718 1053 979 1134 chrysostomum,
996 1054 1089 1134 Cyrti-
1132 1069 1167 1116 se
1191 1052 1338 1114 homiues
1362 1052 1544 1129 illustrauit,
1563 1061 1591 1116 et
1605 1055 1679 1131 fecit
1699 1071 1800 1117 oecos
1816 1065 1994 1121 creaturos.

235 1138 305 1212 turn,
323 1135 538 1215 Augustinum,
554 1136 827 1216 Tlrcoplrylaetum,
841 1137 963 1212 dedam,
976 1137 1090 1216 liuper·
1173 1134 1210 1195 tlt
1235 1142 1349 1197 eontra.
1377 1136 1446 1196 dam
1463 1136 1625 1198 aduersarii
1643 1145 1758 1197 mutant
1773 1141 1911 1200 orrlinem
1927 1155 1994 1203 ror·

235 1227 306 1295 turn‚
335 1219 531 1300 Euthyrnium
548 1219 576 1279 in
593 1219 752 1281 ioannem.
769 1219 844 1282 Dico
860 1227 1009 1280 secundo:
1028 1236 1089 1281 non
1134 1214 1256 1278 horum:
1277 1219 1382 1278 rolrrnt
1397 1219 1477 1280 enirn
1496 1219 1580 1292 prius
1597 1224 1742 1280 reundum
1761 1237 1818 1280 nun
1836 1224 1995 1299 rapueris·

236 1304 347 1364 debere
364 1303 548 1380 Scriptorum
565 1303 674 1380 exponi
692 1305 897 1380 metaphorice
910 1304 945 1362 ad
958 1303 1089 1376 libitum,
1134 1313 1181 1372 se,
1205 1305 1236 1361 et
1257 1300 1372 1362 deinde
1398 1301 1508 1362 luctum
1533 1302 1642 1364 tuisse.
1660 1304 1695 1364 At
1711 1303 1900 1382 Evangelista
1923 1305 1999 1368 dicit

236 1387 286 1446 sed
309 1391 384 1446 tunc
400 1386 510 1449 sulum.
528 1401 597 1445 rum
614 1386 679 1464 ipsa
694 1385 846 1463 Scriptura
863 1385 990 1463 praebet
1003 1401 1092 1446 oeca-
1133 1382 1233 1460 primo
1248 1385 1393 1446 arundus
1404 1386 1585 1464 peripsum
1598 1386 1702 1462 foetus
1718 1391 1772 1460 ectr
1790 1385 1902 1447 deinde
1915 1392 1998 1448 nutat

236 1469 364 1541 sionem,
379 1470 491 1547 alioqui
506 1469 673 1546 poterimus
687 1475 858 1544 pervertere
870 1483 978 1528 omncs
990 1466 1092 1547 Scrip·
1135 1463 1203 1542 ejus
1225 1465 1473 1542 ingratitudinem
1492 1468 1611 1530 diceens:
1629 1469 1916 1531 troarnensium
1928 1485 1997 1534 non

236 1558 326 1622 toras,
341 1556 371 1612 ei
384 1551 490 1611 eadem
503 1552 620 1612 rationo
631 1567 795 1630 possemus
806 1552 920 1621 dicere,
937 1551 964 1610 in
980 1552 1008 1612 i.
1022 1567 1090 1628 cap.
1135 1547 1293 1626 caperit.
1317 1547 1474 1610 Praeterea
1495 1553 1628 1612 mundus
1644 1551 1673 1612 in
1691 1552 1872 1629 scriptoris,
1889 1560 1940 1614 aut
1955 1553 1997 1614 si·

237 1633 347 1696 Cenes.
363 1650 424 1694 non
436 1633 570 1694 describi
587 1634 784 1704 creationem,
799 1634 854 1694 sed
868 1633 1092 1694 resecationem
1136 1628 1260 1709 gnificat
1285 1630 1485 1694 substantiam
1512 1633 1590 1695 coeli
1608 1639 1638 1693 et
1652 1640 1760 1700 terrae,
1778 1639 1810 1694 ut
1825 1633 1946 1697 Eccles.
1964 1635 1995 1698 3.

235 1732 347 1779 rerurn.
373 1715 479 1794 Neque
503 1716 626 1778 obstant
641 1717 708 1778 loca
729 1715 760 1777 in
783 1716 966 1777 contrariom
989 1717 1090 1778 allata:
1134 1713 1298 1775 annectunt
1319 1715 1455 1776 tradidit
1469 1716 1682 1794 disputationi
1696 1732 1819 1779 eorum:
1835 1725 1885 1778 aut
1901 1718 1998 1779 humi·

236 1815 303 1862 nam
318 1799 349 1859 in
366 1799 428 1860 illis
440 1814 564 1877 semper
575 1805 622 1859 est
634 1805 736 1876 aperta
748 1799 863 1860 mentio
875 1800 1092 1875 renovationis,
1136 1810 1193 1856 nes
1209 1794 1321 1872 impios
1336 1796 1500 1858 dilectores
1516 1799 1633 1873 mundi,
1646 1799 1694 1860 lo.
1711 1800 1758 1859 te.
1772 1799 1925 1879 Princeps
1938 1801 1998 1862 itte·

237 1889 268 1944 ut
281 1886 362 1959 patet
378 1882 492 1959 legenti
508 1881 558 1942 ilia
574 1882 653 1942 loca.
669 1882 726 1942 llic
739 1888 839 1942 autern
854 1881 1036 1958 simpliciter
1049 1882 1094 1943 di·
1133 1877 1189 1957 jhs
1210 1878 1329 1941 urendi
1350 1878 1496 1954 ejicietur
1515 1881 1615 1955 t'oros.
1635 1881 1681 1942 io.
1701 1881 1749 1942 ιι.
1765 1883 1826 1944 Pro
1842 1885 1891 1944 his
1906 1897 1996 1962 copo,

238 1967 325 2026 citur:
352 1963 469 2026 omnio
486 1981 547 2043 per
564 1965 674 2042 ipsum
693 1963 781 2042 secto
793 1969 880 2027 sont.
898 1972 926 2026 et
939 1965 1010 2026 sine
1022 1964 1093 2042 ipso
1136 1974 1206 2023 non
1224 1977 1284 2039 pro
1305 1962 1442 2038 mondm
1465 1977 1540 2040 ergo
1561 1979 1629 2022 cunr
1646 1964 1766 2032 dieitur.
1782 1965 1927 2029 mundus
1940 1981 1999 2045 per

241 2047 358 2126 sectatae
374 2053 420 2108 est
432 2047 527 2108 nihii.
544 2047 617 2108 iiico
633 2048 733 2107 tertio:
750 2047 867 2108 etiamsi
881 2047 931 2108 bic
943 2048 1030 2108 locus
1042 2063 1094 2125 pa·
1135 2043 1244 2122 ipsum
1265 2043 1368 2121 sectere
1391 2049 1444 2117 eat,
1469 2045 1515 2104 rel
1532 2045 1721 2124 signiticatur
1735 2048 1903 2109 substantia
1919 2048 1999 2110 coeli

241 2137 353 2192 teretur
373 2135 534 2208 utrumque
549 2146 687 2192 sensum.
704 2136 804 2190 tamen
821 2130 1012 2191 adversarios
1027 2145 1095 2207 pro·
1139 2133 1169 2186 et
1184 2135 1293 2198 terrae,
1310 2132 1344 2188 ut
1359 2135 1512 2205 exponunt
1541 2143 1649 2188 ornnes
1675 2127 1789 2190 Patres:
1815 2133 1862 2191 ret
1886 2145 2001 2194 sensus

238 2213 308 2275 bare
324 2229 383 2273 non
399 2227 505 2290 posse,
523 2212 639 2274 debere
652 2227 722 2274 eum
738 2213 848 2290 erponi
865 2212 903 2273 de
925 2213 1095 2274 renovatio·
1139 2208 1207 2278 crit,
1231 2224 1292 2289 per·
1318 2209 1476 2272 Christ-nm
1499 2209 1600 2286 socios
1622 2227 1687 2273 esse
1709 2211 1854 2275 tromtaee
1867 2213 1997 2291 impios,

239 2311 279 2356 ne
294 2296 406 2373 potius,
418 2311 508 2372 quam
525 2295 563 2356 de
579 2296 674 2372 prima
690 2294 855 2372 crealioue3
868 2296 1002 2357 rationes
1013 2295 1095 2357 enirn
1139 2307 1217 2370 uuae
1231 2299 1277 2354 cst
1290 2293 1400 2372 ingens
1412 2292 1614 2370 blasphemia,
1626 2293 1806 2371 accipiendo
1818 2296 1899 2356 enirn
1914 2311 2001 2357 mun·

239 2394 315 2459 quas
329 2378 387 2456 ipsi
401 2377 541 2451 aderunt,
558 2377 633 2439 nibil
650 2379 761 2439 valent.
804 2362 815 2396 ⁸
1140 2377 1211 2434 durn
1239 2390 1294 2450 pro
1321 2375 1436 2451 impiis,
1463 2375 1602 2438 thristus
1625 2392 1684 2436 non
1703 2376 1784 2450 iacit,
1801 2379 1855 2440 sed
1871 2377 2002 2440 destruit

279 2461 378 2522 Primo
397 2461 537 2539 probant,
555 2477 615 2522 non
632 2461 679 2540 agi
694 2461 733 2520 de
748 2462 914 2532 creatione,
927 2459 997 2537 quia
1010 2458 1096 2523 Chri·
1139 2457 1303 2529 mundum,
1320 2464 1352 2520 ut
1367 2457 1455 2520 iaciat
1470 2474 1583 2520 norum·
1593 2463 1771 2520 creaturam.

239 2548 303 2604 stus
325 2559 384 2603 non
407 2549 472 2603 erat
486 2549 575 2605 natus
588 2549 671 2618 tunc,
690 2559 758 2604 cum
774 2541 907 2604 murrdus
922 2543 1093 2604 creabatur.
1180 2539 1452 2622 Decimusquurtus
1467 2541 1553 2602 loeus
1569 2541 1697 2602 habetur
1712 2541 1864 2605 Colossi.
1877 2541 1918 2606 ln
1930 2543 2002 2621 ipso

240 2627 270 2686 tlt
295 2640 454 2704 negentne,
481 2640 542 2686 uon
568 2625 663 2687 luisse
685 2633 757 2687 tuuc
773 2625 924 2687 Christum
941 2632 1044 2687 natum
1058 2639 1096 2688 ex
1144 2623 1276 2684 condito
1295 2627 1372 2685 sarni
1391 2624 1547 2686 omioerso
1559 2623 1598 2684 in
1613 2623 1709 2686 coelis
1725 2627 1801 2686 etin
1815 2630 1911 2702 tarro,
1927 2627 2003 2688 uisi·

241 2707 321 2768 Patre
347 2705 434 2780 neo,
461 2708 534 2768 licet
559 2709 696 2769 nondum
723 2716 807 2770 esset
832 2716 921 2770 natus
936 2723 973 2769 ex
986 2714 1095 2770 matre:
1140 2703 1221 2766 bilin
1241 2711 1270 2766 et
1289 2704 1480 2780 irruisiirih‘o,
1502 2707 1568 2768 siae
1589 2707 1707 2780 throni,
1727 2709 1793 2769 siue
1809 2709 2003 2771 dormientiu-

242 2789 307 2852 dum
329 2800 432 2851 autern
448 2790 612 2852 adversarii
629 2799 787 2852 assumunt
801 2792 882 2867 cuod
899 2792 1029 2870 probare
1043 2791 1097 2853 de·
1138 2801 1208 2856 ees,
1230 2789 1298 2850 sine
1309 2788 1526 2866 principatus.
1542 2789 1608 2850 siue
1622 2795 1797 2867 potestates,
1815 2792 1927 2852 omnio
1940 2807 2000 2869 pes

241 2871 356 2947 herent,
384 2887 487 2934 nonne
513 2873 688 2951 principum
712 2874 836 2952 petunt?
860 2875 1004 2935 secundo
1026 2889 1097 2954 pro·
1137 2869 1259 2947 ipsum,
1274 2871 1429 2950 etirripso
1445 2878 1555 2933 creato
1568 2877 1656 2943 sont,
1670 2874 1778 2949 etipse
1790 2879 1920 2936 estante
1933 2889 2003 2936 ons·

241 2953 320 3028 bant,
348 2956 420 3033 quia
446 2954 619 3033 scripturae
645 2958 759 3033 passim
774 2955 910 3017 tribuunt
925 2956 1002 3017 Patri
1017 2970 1096 3034 opus
1137 2967 1207 3029 nes,
1225 2959 1254 3016 et
1269 2954 1381 3017 omnio
1394 2955 1515 3032 inipso
1530 2961 1688 3016 constant.
1705 2955 1760 3017 liic
1775 2956 1862 3018 locus
1879 2963 1926 3017 est
1940 2957 2002 3018 clo·

242 3037 414 3099 creationis:
428 3045 457 3098 at
468 3053 529 3099 non
542 3039 599 3100 soli
613 3038 689 3099 Patri
703 3039 848 3109 tribuunt,
859 3039 994 3099 tribuunt
1005 3039 1096 3099 etiam
1139 3037 1202 3097 rior
1222 3037 1393 3116 superiore,
1411 3053 1479 3098 nam
1495 3036 1685 3115 explicantur
1699 3053 1778 3116 quae
1793 3037 1855 3099 sint
1870 3039 1920 3100 iila
1937 3053 2002 3100 orn·

242 3120 324 3182 Pilio.
352 3120 497 3181 Prorerb.
513 3119 544 3181 8.
562 3119 642 3182 Com
663 3137 699 3183 co
721 3138 810 3183 eram
833 3129 950 3183 cititcld
970 3136 1096 3200 compo·
1139 3117 1202 3189 niu,
1215 3135 1292 3196 quae
1308 3118 1447 3182 Christus
1463 3121 1574 3180 crearit
1588 3124 1619 3181 et
1633 3125 1803 3194 conseruata
1817 3121 2003 3184 etdiountur

241 3218 329 3265 nens.
347 3202 430 3264 Elin
446 3203 506 3264 hoc
523 3203 551 3265 l.
568 3216 635 3282 cop.
657 3203 796 3265 loannis:
813 3205 853 3265 Et
867 3205 1014 3267 teuredus
1034 3219 1094 3282 per
1139 3215 1211 3261 csse
1225 3201 1324 3262 omnia
1342 3202 1466 3262 omniuo
1481 3201 1634 3264 terrestria
1647 3207 1676 3263 et
1688 3203 1832 3264 coelestia
1849 3203 2001 3280 usquead

238 3287 340 3363 ipsum
363 3285 467 3363 [octus
493 3291 549 3348 cst.
575 3287 706 3348 Prahaat
732 3286 818 3348 tertio
833 3335 840 3348 .
857 3288 927 3362 onia
956 3285 1093 3348 ioannes
1138 3297 1276 3346 summos
1299 3284 1439 3362 angelos.
1462 3282 1502 3345 Ex
1518 3299 1579 3362 nuo
1594 3285 1745 3363 sequitur,
1769 3283 1922 3348 Christum
1938 3301 2001 3349 nott

239 3369 380 3430 hocloco
395 3373 555 3447 postquam
572 3368 821 3431 dixeratztlnaeio
833 3385 894 3446 per
905 3370 1015 3448 ipsum
1028 3369 1095 3445 foe·
1140 3379 1211 3426 csse
1227 3372 1407 3432 creaturam.
1425 3367 1480 3428 sed
1496 3381 1599 3428 rerum
1615 3366 1723 3430 ileum.

239 3456 271 3512 to
283 3457 370 3512 stret.
385 3456 413 3512 ει
426 3451 498 3514 sinc
510 3453 581 3531 ipso
592 3451 713 3528 foetum
725 3451 873 3522 estnihil,
890 3451 1095 3512 murrestriu·
1182 3447 1380 3525 Respondent
1405 3454 1504 3510 tumen
1531 3449 1726 3528 transponat
1743 3449 1798 3512 tib.
1815 3450 1845 3511 2.
1862 3465 1931 3528 rap.
1949 3450 2000 3514 tn.

239 3533 291 3611 pit,
317 3535 437 3605 diceus,
463 3535 552 3613 qarod
570 3535 694 3612 foetens
713 3542 768 3608 est,
785 3534 871 3608 euasi
888 3533 1014 3605 diceret,
1031 3549 1093 3595 non
1141 3536 1172 3594 et
1185 3529 1369 3592 Franciscus
1386 3531 1476 3591 lierid
1492 3529 1606 3610 disput.
1624 3531 1653 3594 i.
1670 3532 1736 3596 tto.
1754 3534 1783 3594 in
1801 3538 1862 3593 toto
1877 3533 1937 3595 isto
1952 3549 2003 3594 ea·

240 3616 336 3677 omnia
365 3616 503 3677 absolute
530 3632 585 3696 per
606 3617 756 3679 Christum
779 3617 854 3677 iactu
870 3631 953 3680 esse.
970 3618 1025 3676 sed
1041 3616 1094 3677 illa
1140 3614 1203 3694 pite
1229 3614 1328 3674 vocari
1349 3614 1534 3675 creationem
1557 3615 1780 3691 reparationem
1797 3614 1999 3692 spiritualem,

243 3699 395 3760 drrrntasat
418 3699 532 3773 omnia,
554 3716 632 3778 quae
647 3701 684 3759 ad
700 3698 799 3776 ipsius
813 3698 945 3759 officium
960 3698 1095 3776 pertine·
1140 3711 1219 3773 onae
1244 3693 1319 3756 lacte
1342 3701 1390 3758 εει
1413 3712 1468 3776 per
1495 3696 1660 3758 Christum.
1678 3697 1786 3758 Probat
1802 3699 1910 3776 primo,
1929 3698 2001 3776 quin

241 3778 321 3856 hant,
340 3787 372 3841 et
385 3796 465 3860 quae
488 3798 543 3859 per
562 3787 664 3860 ipsum
679 3781 754 3843 laeta
769 3789 852 3842 sunt.
869 3780 996 3842 ethaeo
1011 3785 1096 3843 esset
1138 3781 1179 3840 ita
1205 3779 1345 3856 exposuit
1369 3779 1534 3858 Procopius
1551 3779 1580 3840 in
1597 3797 1665 3858 cup.
1685 3781 1713 3840 t.
1731 3780 1843 3841 Gerros.
1859 3797 1928 3858 pag.
1947 3777 2001 3843 tt,

240 3863 366 3925 nticula
378 3863 564 3939 restrincti03
577 3872 660 3924 essct
671 3863 752 3924 enirn
764 3877 800 3923 ac
811 3863 837 3924 si
849 3862 1012 3936 diceretur,
1025 3863 1095 3925 om·
1141 3862 1294 3936 Secundo,
1323 3862 1393 3939 quia
1420 3878 1479 3924 non
1503 3863 1541 3922 ait
1564 3862 1687 3936 Paulus,
1705 3863 1824 3924 eoelum
1841 3871 1871 3924 ει
1887 3869 2000 3925 terram

240 3946 292 4008 nio
312 3962 376 4024 per
391 3946 501 4023 ipsunt
512 3945 600 4020 sacto
613 3952 700 4018 sunt,
715 3959 800 4024 quoe
812 3960 872 4023 per
884 3946 992 4023 ipsum
1004 3945 1095 4021 fecto
1142 3950 1242 4004 creata
1266 3959 1320 4021 per
1336 3944 1500 4019 Christum,
1517 3947 1571 4006 sed
1588 3961 1623 4007 ea
1639 3961 1716 4022 quae
1732 3951 1804 4007 sunt
1818 3945 1849 4012 in
1866 3947 1954 4008 coelo
1969 3952 2001 4009 et

240 4035 319 4089 arnt:
350 4043 410 4087 non
438 4035 537 4088 eutem
561 4029 619 4088 hoe
640 4026 846 4095 ailinannes,
868 4029 1093 4104 sedsineipso
1138 4025 1170 4088 in
1194 4032 1282 4095 terra,
1307 4028 1404 4100 idest,
1427 4027 1554 4106 angelos
1570 4036 1600 4089 et
1614 4028 1766 4097 hornines,
1784 4045 1862 4105 quos
1877 4043 2000 4092 creasse

239 4109 356 4187 lacteam
378 4109 535 4170 estnihil.
560 4111 650 4187 quod
671 4109 794 4185 sociem
815 4115 871 4181 cst,
893 4109 984 4180 idest,
999 4111 1096 4171 nertio
1141 4109 1253 4170 dicitur
1278 4106 1426 4185 Christus,
1451 4110 1520 4188 quia
1543 4125 1598 4172 eos
1619 4108 1800 4190 pacificavit,
1818 4111 2001 4174 etreeonci·

241 4198 343 4254 istros
365 4208 450 4269 prroe
464 4194 504 4253 sit
517 4192 614 4271 ficeto,
632 4199 662 4254 et
676 4209 747 4254 aon
758 4193 799 4253 sit
811 4193 1093 4271 toetoperipsom3
1141 4190 1225 4252 liurit
1239 4189 1316 4250 inter
1331 4207 1377 4252 se.

239 4279 311 4353 quud
338 4275 421 4334 rrrldrt
434 4273 569 4336 Joarrues
582 4281 704 4352 propter
726 4275 872 4352 spiritum
884 4281 1035 4336 sanctum.
1055 4292 1093 4337 nu
1182 4272 1219 4334 ιι
1233 4279 1348 4334 contre.
1365 4273 1464 4336 Primo
1478 4288 1587 4336 omnes
1599 4273 1785 4353 Interpretes
1799 4274 1882 4337 hunc
1896 4275 1999 4339 locunt

239 4364 387 4436 putaretur
398 4356 734 4420 inclususinteroruaia
748 4358 797 4417 ille
815 4373 895 4434 quae
923 4357 999 4418 iacta
1022 4364 1094 4419 sunt
1140 4354 1315 4434 intelligunt
1336 4356 1374 4418 de
1397 4357 1490 4433 prima
1518 4359 1684 4433 creatione3
1711 4357 1794 4420 unde
1816 4359 1995 4433 adversarii,

240 4456 288 4516 per
315 4439 461 4500 terbum.
487 4439 584 4511 Adde,
611 4441 692 4517 quod
720 4441 810 4501 tectio
830 4439 882 4500 illa
905 4440 1092 4516 probabilior
1140 4455 1209 4500 cum
1236 4453 1344 4500 ornnes
1370 4438 1570 4500 hihtiotechas
1597 4440 1789 4516 lustrassent,
1813 4455 1874 4502 non
1893 4447 2000 4518 potue·

241 4529 290 4582 est.
312 4538 402 4598 qrranr
419 4521 558 4598 sequitur
573 4521 772 4600 Augustinus,
789 4522 886 4583 utilia
901 4521 992 4583 rerba
1008 4525 1097 4601 quod
1141 4527 1213 4582 runt
1238 4521 1386 4592 inveniro,
1415 4522 1472 4584 nisi
1500 4539 1594 4584 urrurn
1621 4531 1774 4584 auctorem
1802 4523 1996 4602 Procopium,

239 4603 354 4680 [aetram
369 4609 413 4665 est
428 4621 489 4664 non
506 4604 678 4682 pertineant
692 4605 728 4665 ad
744 4605 978 4683 praecedentum
992 4605 1093 4682 perio·
1139 4603 1298 4664 meliorem
1325 4605 1477 4666 rhetorem
1505 4621 1595 4682 quarn
1621 4607 1807 4683 theologum,
1825 4605 1922 4683 etqui
1938 4622 2000 4668 non

241 4686 316 4760 dum,
331 4689 387 4748 sed
404 4689 440 4748 ad
457 4693 652 4763 sequentem,
663 4688 723 4748 boc
735 4687 837 4748 modo:
851 4687 1094 4766 &anieperip-
1139 4685 1354 4762 interpretatur
1375 4687 1454 4748 trano
1470 4704 1494 4754 e
1510 4689 1641 4765 istriam,
1658 4689 1713 4750 sed
1730 4689 1828 4748 obiter
1843 4704 1912 4748 orrm
1925 4690 2000 4748 seri-

240 4783 305 4830 cum
329 4769 419 4847 sueto
443 4771 661 4843 cathecismo
684 4771 756 4848 ipso
779 4771 902 4848 foetum
928 4776 972 4832 est
995 4770 1092 4832 nihil.
1139 4767 1228 4830 heret
1249 4769 1279 4828 in
1301 4768 1456 4842 Genesim,
1483 4771 1624 4850 allegarit
1638 4771 1674 4832 ad
1692 4787 1782 4832 suum
1808 4771 1998 4849 propositum

244 4847 326 4924 care
351 4853 474 4929 lacteam
506 4859 561 4926 est,
578 4854 698 4932 inipso
713 4853 781 4914 cito
793 4858 875 4924 eret,
892 4854 1001 4915 cinito
1022 4858 1092 4914 eret
1139 4867 1230 4913 urtam
1257 4852 1436 4914 sententiam
1460 4869 1496 4915 ex
1511 4855 1569 4916 trec
1590 4853 1730 4932 epistota,
1749 4869 1809 4915 non
1826 4855 1997 4932 respiciens

245 4933 298 4995 tuac
318 4935 501 4997 hominem.
518 4935 560 4996 Ex
575 4953 632 5012 oua
656 4936 787 4998 tectione
809 4936 901 5013 plane
915 4936 975 4996 ruit
989 4936 1093 4996 adrer·
1138 4933 1190 5010 qui
1218 4935 1426 5010 praecederet,
1450 4937 1573 5014 etquid
1598 4943 1790 5014 sequeretur.
1814 4935 1849 4996 tlt
1870 4951 1910 4997 ne
1932 4935 1997 5015 glo·

242 5017 306 5078 sarii
332 5027 556 5094 areuurentuor.
573 5018 616 5078 in
632 5019 723 5098 igitur
744 5024 868 5097 propter
889 5024 950 5079 tarn
964 5018 1049 5079 lenes
1065 5023 1095 5080 et
1137 5018 1256 5078 rientur
1273 5023 1370 5078 turnon
1386 5033 1420 5080 se
1436 5019 1590 5081 invenisse
1605 5035 1699 5080 unum
1715 5018 1832 5080 socium
1849 5019 1898 5080 sui
1913 5033 1997 5080 erro·

241 5097 324 5160 latsas
340 5101 530 5163 ratiunculas
542 5101 743 5181 relinquendo
759 5108 807 5164 est
819 5100 937 5162 Petrum
954 5115 1091 5162 commu·
1138 5100 1193 5170 ris,
1217 5101 1382 5162 notandum
1398 5108 1446 5162 est
1461 5102 1639 5180 Procopium
1656 5101 1798 5163 eumdum
1822 5101 1893 5162 lolio
1910 5117 1997 5178 prae-

242 5180 478 5262 nlserplicatioi
1140 5181 1273 5246 cedenti.
1301 5181 1372 5242 durn
1398 5191 1565 5262 exponeret
1589 5184 1675 5245 iilud:
1702 5183 1877 5246 Pociornets
1895 5184 1998 5246 immi·

275 5263 344 5326 llicu
370 5271 489 5344 quarto:
516 5265 600 5326 bunc
621 5265 722 5328 locum
745 5263 892 5345 explicari
906 5265 998 5343 paulo
1012 5265 1090 5327 inira
1134 5280 1212 5326 nem
1226 5265 1271 5325 od
1283 5264 1462 5341 inopinam
1477 5271 1505 5328 et
1518 5267 1766 5330 similitudinem
1777 5273 1932 5338 noemam,
1946 5281 1996 5326 ac·

241 5359 302 5407 cum
330 5349 452 5410 dieitur:
468 5349 509 5410 In
522 5348 646 5410 molada
671 5355 750 5421 erut,
767 5358 796 5410 ει
809 5349 952 5411 maiades
970 5365 1031 5428 per
1043 5351 1092 5426 ip·
1137 5347 1268 5410 cerrima
1285 5347 1432 5408 inrelrl'in
1450 5361 1514 5420 eos,
1533 5352 1583 5427 qui
1602 5357 1713 5428 negant
1728 5357 1789 5411 tres
1805 5363 1876 5410 esse
1891 5363 1999 5426 perso·

241 5441 306 5491 tum
328 5431 434 5508 iactare
460 5437 515 5499 est,
533 5437 562 5492 et
577 5431 721 5493 mundate
746 5447 821 5493 eum
843 5447 912 5494 eon
933 5433 1090 5509 copeorrit.
1137 5446 1194 5492 uus
1220 5430 1361 5508 ejusdem
1387 5433 1552 5506 esseutiue;
1577 5433 1628 5510 qui
1652 5433 1740 5492 etium
1764 5431 1854 5507 paulo
1869 5429 1998 5508 postsie

242 5507 290 5571 iiic
305 5514 387 5574 enirn
403 5514 563 5579 habemus,
580 5529 649 5575 eum
667 5514 812 5575 mundum
828 5514 938 5576 lactum
953 5529 1025 5576 esse
1037 5529 1093 5592 per
1136 5513 1189 5572 ait:
1215 5512 1354 5575 Christos
1369 5512 1549 5576 bennonem
1563 5529 1695 5578 cornera
1710 5514 1829 5587 induit,
1845 5519 1883 5574 ert
1896 5512 1998 5575 honri·

244 5591 399 5667 Christum,
412 5596 464 5676 qui
483 5595 633 5658 Christum
649 5611 710 5658 oon
726 5597 878 5674 cognorit:
892 5602 922 5658 at
932 5596 958 5658 si
970 5595 1092 5657 allectio
1134 5607 1220 5666 aem,
1238 5609 1334 5673 poem
1348 5603 1523 5671 creonerot,
1536 5599 1713 5659 restitueret
1725 5601 1753 5657 et
1763 5601 1906 5657 sonaret.
1921 5595 1998 5659 Cum

245 5679 338 5739 mundi
357 5695 417 5740 non
434 5686 517 5740 esset
533 5679 644 5739 creatio
660 5679 715 5740 sed
733 5678 897 5749 renouatio,
914 5679 1023 5741 ialsurn
1039 5693 1088 5740 es·
1136 5674 1229 5753 igitur
1251 5677 1424 5756 paulopost
1440 5680 1523 5754 dicit,
1541 5697 1595 5758 per
1611 5678 1761 5740 Christum
1779 5679 1879 5738 omnia
1895 5685 1998 5741 creatu

245 5765 284 5818 set
296 5761 369 5822 iliud
383 5762 530 5824 moedus
545 5777 619 5823 carm
631 5761 867 5840 eoacopeoeit,
883 5776 1091 5824 cumrenora·
1136 5758 1307 5820 seeundum
1335 5762 1506 5838 apostolum
1528 5763 1564 5822 ad
1587 5760 1800 5830 Colossenses,
1821 5765 1851 5821 et
1872 5763 1997 5840 exponit

245 5838 278 5901 tio
289 5841 337 5904 dat
351 5859 407 5922 per
420 5843 527 5905 Fidem
542 5849 573 5906 et
588 5844 794 5922 cognitionem
810 5842 934 5905 Christi.
949 5843 1089 5923 Respon·
1134 5843 1330 5914 instaurato,
1345 5843 1407 5904 vult
1419 5843 1535 5918 dicere,
1547 5843 1701 5908 Christum
1712 5843 1900 5906 instaurasse
1912 5842 1995 5923 quod

246 5922 309 5985 dent
327 5925 583 6004 pertinacissime,
607 5925 984 6001 huncesscscosum31n
996 5941 1091 5988 more·
1135 5930 1224 5986 antea
1240 5931 1403 5988 creaverat.

248 6003 280 6063 ιο
297 6016 373 6075 mot.
391 6009 481 6084 idest,
502 6007 641 6072 Christus
656 6009 749 6072 homo
763 6011 849 6072 inter
863 6008 1008 6070 homines
1021 6024 1091 6072 ncr-
1177 6006 1319 6069 Seeundo
1334 6007 1430 6088 probo
1446 6023 1483 6072 ex
1496 6007 1765 6087 praecedentibus:
1782 6023 1851 6072 nam
1867 6007 1993 6084 dixerut,

248 6087 377 6155 edetur:
395 6093 582 6156 elmundus
603 6107 679 6156 com
697 6109 766 6159 nort
779 6093 937 6172 coenavit,
953 6091 1047 6170 idest,
1062 6096 1092 6156 et
1137 6089 1292 6154 Christum
1320 6105 1390 6154 esse
1420 6091 1654 6174 primogenitum
1683 6093 1784 6157 omnis
1813 6097 1991 6169 creaturae,

373 6188 542 6247 Bestiarum.
556 6186 618 6246 Vol.
632 6188 655 6245 ι.
1745 6188 1779 6244 Pi
