4792 7009
190 863 194 907 ι

190 950 194 989 ι

1029 700 1126 763 blltEb
1146 695 1324 761 SECUNDUS
1937 694 1976 760 ιι

267 833 375 917 Syriae
400 840 432 899 et
455 832 581 915 togyptt
596 828 764 898 editionem
778 830 925 913 syriacam
947 832 1133 901 Testamenti
1179 834 1321 901 Ecclesia
1337 831 1497 899 daniele·
1512 846 1549 897 ει
1563 831 1814 912 interpretatione
1826 833 2049 905 theodotionis

271 920 340 985 novi
371 918 521 991 universi3
549 922 581 979 ει
604 918 673 995 ejus
698 915 842 979 editionis
869 917 981 979 nullam
1005 934 1134 997 prorsus
1181 920 1268 997 legit,
1299 924 1334 981 ut
1354 916 1558 998 Hieronymus
1584 923 1709 983 testetur
1734 919 1920 1001 praelatione
1941 919 2045 987 iniia-

191 1052 192 1073 ,
265 1001 457 1065 mentionem
472 1004 573 1063 extare
588 999 666 1077 apud
680 996 869 1063 Clementem
889 1000 1133 1075 alexandrinum,
1178 1000 1306 1073 nietam.

191 1132 192 1141 ,
265 1082 445 1163 origenem,
471 1080 652 1155 Eusebium,
678 1082 887 1161 Athanasium,
910 1081 1134 1163 Theophilum,
1183 1132 1187 1139 .
1221 1082 1333 1161 Quarta
1355 1087 1404 1145 est
1418 1079 1588 1162 Symmachi
1605 1081 1710 1155 editio,
1727 1083 1779 1163 nui
1796 1083 1900 1148 Severi
1915 1084 2046 1167 Augusti

264 1167 488 1247 Epiphaniam,
515 1164 746 1244 Hieronymum,
772 1162 929 1243 cyrillum,
959 1166 1133 1233 theodore.
1179 1166 1370 1245 temporibus
1393 1180 1499 1227 sacros
1525 1163 1620 1230 libros
1646 1179 1683 1227 ex
1702 1166 1883 1231 hebraeoin
1899 1184 2045 1247 greonem

265 1258 342 1323 tum,
369 1248 518 1313 ioannem
548 1246 777 1321 damascenum,
795 1246 933 1324 altosque
949 1248 1063 1316 batres.
1081 1246 1134 1325 nui
1179 1265 1353 1313 sermonem
1379 1248 1543 1311 transtulit.
1566 1242 1677 1310 lioscto
1691 1256 1791 1311 autern
1808 1264 1870 1329 qtvo
1884 1265 1989 1315 erroro
2002 1252 2046 1314 la·

263 1332 311 1395 vel
328 1333 363 1395 iu
379 1331 476 1413 Syria,
493 1328 542 1393 vel
556 1328 587 1393 in
607 1330 753 1409 Aegypto,
771 1337 821 1391 aut
837 1328 987 1409 episcopi.
1004 1338 1052 1393 aut
1067 1348 1134 1406 pre·
1178 1337 1261 1396 ειυιυ
1276 1331 1363 1407 ειι,υι
1377 1346 1447 1393 euro
1463 1330 1646 1395 Athanasius
1673 1340 1705 1391 et
1719 1328 1911 1409 Epiphanius
1921 1333 2048 1416 disertis

262 1416 381 1494 sbytari
405 1417 537 1485 luerunt,
560 1418 591 1475 et
606 1412 653 1475 vel
670 1417 708 1476 de
723 1410 815 1479 variis
829 1411 1054 1491 seripturarum
1069 1414 1134 1475 edla
1178 1412 1282 1477 verbis
1296 1414 1445 1486 scribant,
1461 1411 1676 1491 Symmachum
1692 1415 1751 1475 sub
1766 1413 1894 1489 Severo,
1905 1414 2045 1479 Theodo-

263 1498 403 1563 tionihus
424 1500 567 1559 accurate
589 1494 792 1573 disputarunt,
815 1495 863 1557 vel
885 1502 968 1557 certe
985 1498 1077 1557 multa
1094 1497 1134 1559 dc
1177 1497 1294 1559 tionem
1319 1497 1378 1559 sub
1399 1493 1564 1557 Commodo
1579 1496 1669 1559 llarci
1684 1494 1748 1560 illio
1764 1496 1937 1577 Scripturas
1952 1499 2046 1560 inter·

263 1578 558 1659 Scripturlssanetis
573 1575 739 1655 posteritati
754 1577 866 1655 scripta
882 1576 1082 1657 reliquerunt.
1179 1584 1314 1657 pretems
1340 1593 1423 1647 esse,
1447 1592 1549 1653 uenus
1573 1578 1701 1645 dublum
1727 1580 1824 1645 ullum
1847 1595 1919 1643 esse
1934 1581 2044 1659 possit,

309 1664 401 1738 Quod
414 1662 450 1723 -si
465 1660 559 1725 editio
575 1661 690 1739 syriace
706 1664 805 1721 aetate
822 1661 930 1723 horum
947 1660 1063 1723 Patrem
1080 1676 1134 1740 po·
1178 1664 1252 1741 quin
1280 1659 1465 1723 Commodus
1491 1660 1635 1723 Severum
1661 1663 1876 1741 praecesserim
1893 1670 1995 1726 tamen
2010 1664 2046 1725 li·

262 1752 377 1809 stertor
403 1751 462 1817 εει,
487 1752 521 1809 υι
546 1758 603 1821 ego
618 1742 743 1821 quidem
760 1740 834 1805 mihi
849 1748 933 1807 certo
949 1750 1133 1821 persuadeo,
1178 1746 1249 1807 dem
1275 1750 1415 1807 auctores
1441 1741 1658 1821 Symmachum
1680 1744 1824 1824 priorem,
1841 1746 2045 1827 posteriorem

263 1844 326 1891 non
355 1833 458 1908 potest
479 1827 548 1907 ejus
563 1825 726 1892 auctoritas
742 1830 820 1893 tanta
836 1833 969 1899 esseut
984 1842 1052 1889 cum
1070 1828 1133 1889 edi«
1178 1825 1422 1889 theodotionem
1438 1824 1561 1887 iaciant.

264 1912 352 1971 ιιουε
376 1925 498 1988 graeca.
526 1913 578 1971 aut
601 1907 693 1969 latina
716 1907 823 1969 merito
839 1910 1006 1986 comparari
1023 1910 1132 1988 possit,
1219 1908 1306 1983 Quod
1329 1923 1402 1970 vero
1426 1908 1463 1969 ad
1490 1907 1705 1987 Syvnmaehvm
1731 1909 1849 1984 attinet,
1871 1908 1927 1973 init
1941 1910 1969 1973 is
1983 1912 2045 1990 pri·

264 2000 297 2059 ut
322 1994 447 2055 interam
473 1990 548 2055 illud
574 1993 721 2065 omittam,
741 1989 824 2068 need
839 2006 899 2052 non
916 1994 1028 2059 desunt
1042 1991 1134 2055 etiam
1177 2007 1262 2062 mum
1275 1989 1429 2064 Ebionita,
1445 1990 1471 2052 si
1486 1990 1621 2053 Eusebio
1636 1992 1801 2067 oredimus
1818 1995 1864 2055 vet
1880 1994 2045 2057 Samarita-

263 2076 418 2154 quaedam
443 2076 473 2135 in
499 2090 535 2137 ea
562 2072 707 2148 editione,
734 2088 812 2149 quae
829 2073 901 2135 viris
915 2074 1013 2137 doctis
1028 2080 1060 2136 et
1074 2076 1133 2153 plis
1178 2091 1250 2150 nus,
1276 2076 1301 2137 si
1324 2074 1520 2135 Athanasium
1546 2082 1577 2135 ει
1600 2072 1805 2153 Epiphaniam
1825 2074 1998 2153 sequimur:
2014 2084 2046 2139 et

264 2175 327 2221 non
355 2158 521 2220 adrandum
546 2156 699 2235 placeant.
721 2154 820 2217 Unum
837 2161 936 2219 temen
951 2163 999 2223 est
1013 2164 1134 2236 praeter
1180 2174 1250 2219 cum
1272 2157 1353 2235 apud
1379 2172 1453 2218 suos
1474 2155 1677 2235 principatum
1693 2156 1834 2220 obtinere
1849 2173 1911 2225 nen
1925 2167 2044 2238 posset,

263 2240 323 2307 alia
353 2242 423 2321 ejas
446 2238 590 2303 editionis
605 2237 798 2301 commodum
814 2239 947 2316 insigne.
964 2242 1046 2318 quod
1061 2257 1134 2305 eum
1177 2256 1214 2307 se
1237 2240 1365 2302 iudaeis
1392 2238 1540 2319 adjunxit,
1568 2239 1754 2301 sesecundo
1768 2239 2046 2306 chaumeisusest.

265 2324 297 2385 in
325 2322 433 2395 titolis,
456 2340 492 2385 ac
507 2320 698 2401 sectionibus
713 2328 845 2398 eapttum
862 2320 976 2383 mentio
988 2322 1039 2384 ilat
1051 2323 1133 2403 jeju.
1177 2321 1234 2385 ilbi
1261 2323 1361 2385 obiter
1384 2322 1529 2385 admonet
1550 2320 1754 2401 Epiphanius,
1770 2338 1833 2385 nora
1849 2338 1921 2388 esse
1934 2322 2046 2387 mnan·

261 2406 400 2473 ciorum.
417 2405 621 2467 venerationis
635 2402 748 2473 crucis,
762 2418 887 2481 precem
900 2421 956 2483 pro
968 2405 1131 2479 defunctis,
1177 2404 1263 2481 dem,
1288 2404 1370 2483 quod
1397 2403 1598 2485 Symmachus
1622 2404 1672 2467 bis
1699 2405 1833 2485 potuerit
1854 2407 2046 2485 circumcide

262 2489 451 2566 vigiliarum,
468 2484 631 2549 memoriae
643 2484 834 2555 Sanctorum,
848 2487 1037 2564 aliarumque
1050 2489 1132 2567 ejus·
1178 2489 1332 2567 siquidem
1358 2494 1423 2549 arte
1451 2486 1581 2556 medica,
1609 2494 1640 2549 ει
1663 2489 1758 2549 certis
1771 2487 1983 2555 instrumentis
1996 2489 2048 2551 lu·

261 2570 344 2633 modi
359 2585 477 2643 rerum,
494 2586 571 2650 quas
586 2568 747 2633 lutherani
762 2573 905 2645 tanquam
923 2570 1037 2632 romani
1054 2589 1132 2649 parra·
1177 2571 1246 2632 daei
1272 2569 1414 2632 solebant
1436 2577 1587 2630 resectum
1604 2570 1797 2649 praeputium
1814 2571 1925 2633 iterum
1940 2589 2049 2650 super·

263 2651 354 2717 tideis
369 2652 550 2715 traditiones
565 2651 967 2730 detestantur:—apertissimi
981 2655 1132 2719 mendacii
1179 2655 1338 2726 inducere,
1357 2652 1421 2713 slve
1435 2653 1599 2726 attrahere3
1616 2658 1646 2713 et
1661 2653 1720 2714 hoe
1734 2669 1805 2715 esse
1819 2654 1901 2732 quod
1927 2664 2048 2733 aposto·

263 2734 341 2799 lta'ee
358 2736 424 2813 ipsa
441 2734 535 2797 editio
549 2734 739 2797 butheranos
755 2733 918 2797 convincit.
936 2736 997 2803 Sed
1014 2736 1053 2799 de
1069 2738 1133 2801 edi·
1180 2736 1230 2798 lus
1252 2738 1292 2797 ait
1309 2736 1338 2797 l.
1358 2732 1494 2797 Corinth.
1513 2734 1541 2797 ι.
1561 2732 1622 2810 Qui
1635 2736 1846 2799 ειυευιυειιυε
1860 2737 1983 2818 ahquid
1997 2754 2049 2800 oo-

261 2818 350 2885 tione
371 2818 529 2880 alraldaica
556 2823 587 2879 et
600 2816 717 2896 syriaca
732 2816 807 2879 satis
822 2817 914 2881 malta
931 2833 987 2896 pro
1003 2819 1131 2887 instituti
1177 2827 1268 2880 eniam
1283 2819 1358 2879 est?
1376 2832 1445 2879 nora
1460 2817 1605 2881 addocet
1617 2820 1840 2896 praeputium·
1865 2821 1924 2892 vel,
1942 2827 1974 2883 ut
1988 2822 2049 2883 cla·

262 2902 370 2981 operis
392 2899 543 2963 brevitate
567 2898 647 2963 dieta
672 2905 755 2963 sont:
773 2915 856 2963 nuuc
870 2899 912 2963 ad
924 2916 1065 2981 graecam
1082 2919 1131 2965 ve·
1176 2901 1359 2963 rinssonanl
1375 2900 1466 2961 verba
1483 2916 1591 2978 graeca
1607 2897 1648 2980 μὴ
1662 2897 1821 2965 monuero
1833 2901 1894 2965 hoc
1909 2908 1966 2975 est,
1978 2919 2048 2969 non

260 2985 393 3061 biamus.
463 3046 466 3053 ,
1178 2984 1372 3046 uttrultntttr.

841 3076 846 3097 ·
1220 3065 1328 3139 Qatrata
1358 3064 1452 3127 editio
1479 3081 1586 3144 graeca
1607 3066 1676 3128 sine
1697 3064 1760 3127 ullo
1774 3066 1899 3128 nomine
1914 3070 2047 3133 atvotoris

785 3186 786 3191 κ
1176 3155 1297 3227 reperta
1312 3155 1360 3211 est
1377 3147 1407 3209 in
1423 3145 1516 3209 doliis
1531 3147 1715 3227 quibusdam
1729 3149 1811 3227 apud
1827 3150 1935 3213 urbem
1950 3150 2047 3215 Hieri-

611 3229 729 3293 cleda
755 3229 790 3292 ι.
1178 3249 1215 3295 ευ
1232 3247 1314 3294 anno
1333 3230 1547 3294 l'll.dntonini
1573 3228 1756 3304 caracallae,
1773 3230 1825 3309 qui
1841 3230 1954 3295 Severo
1970 3233 2049 3311 patri

1177 3314 1211 3377 in
1238 3315 1405 3392 imperium
1430 3319 1635 3388 successerat,
1657 3318 1691 3375 ut
1704 3311 1896 3393 Epiphanius
1911 3316 2048 3381 locone-

437 3393 482 3459 lio
495 3396 596 3459 nemis
610 3397 737 3475 graecia
752 3396 960 3461 editionibus.
1177 3405 1240 3471 tato
1258 3401 1440 3466 auctorest.
1536 3423 1539 3434 ·
1807 3456 1812 3465 ,

1220 3480 1312 3543 Serta
1328 3494 1453 3559 quoque
1466 3478 1535 3541 sine
1551 3476 1674 3539 nornine
1690 3478 1834 3548 auctoris,
1851 3479 1962 3543 eodem
1978 3479 2048 3576 Epi·

301 3558 466 3623 Editiones
479 3575 609 3640 graecae
625 3560 810 3625 Testamenti
831 3562 944 3627 veteris
973 3578 1082 3629 novem
1098 3580 1129 3626 o·
1179 3562 1292 3642 pbanio
1319 3567 1409 3629 teste.
1431 3561 1461 3622 in
1478 3560 1570 3623 doliis
1586 3560 1705 3623 inclusa
1720 3562 1800 3638 apud
1816 3560 1986 3641 liieepolim
2001 3579 2047 3626 tn·

262 3644 369 3707 mnino
380 3650 718 3719 numerantur,praeter
733 3659 799 3707 eam
814 3643 904 3725 eujus
918 3646 1132 3711 manichete·
1180 3651 1267 3708 venta
1282 3651 1330 3708 est
1344 3644 1515 3707 Alexandro
1530 3643 1715 3705 Hammaeac
1730 3641 1793 3711 lilio
1807 3644 1991 3723 imperante.

263 3742 353 3793 tuens
364 3725 584 3789 alexandrinus
599 3726 655 3789 lib.
670 3729 699 3789 l.
712 3726 868 3801 Strumae,
879 3744 957 3807 quae
968 3734 1131 3809 antequam
1220 3727 1264 3789 En
1290 3728 1404 3806 quibus
1419 3727 1565 3787 omnibus
1590 3725 1778 3787 editionibus
1793 3728 1967 3805 eoruposuit
1981 3728 2048 3792 Ori·

261 3824 369 3871 rerum
394 3807 543 3887 potiretur
557 3810 727 3873 Alexander
741 3824 882 3887 magnus,
906 3811 1055 3875 incertum
1071 3829 1132 3890 quo
1178 3826 1287 3891 genos.
1304 3818 1337 3872 υι
1351 3809 1504 3871 Eusebius
1518 3808 1573 3871 lib.
1590 3807 1620 3871 d.
1638 3808 1710 3870 hist.
1726 3824 1794 3888 cap.
1809 3810 1858 3872 ιι.
1872 3818 1904 3873 et
1914 3810 2046 3890 Epipha-

263 3897 392 3953 auclore
417 3891 540 3970 prodiit,
569 3898 599 3953 et
620 3908 657 3955 ex
671 3910 730 3972 qua
746 3892 829 3955 Plato
844 3894 1019 3972 caeterique
1037 3896 1134 3973 philo·
1180 3897 1253 3957 nius
1276 3893 1395 3955 haeres.
1413 3891 1465 3955 tis.
1491 3893 1592 3955 etlib.
1608 3891 1763 3953 demens.
1787 3898 1817 3954 el
1832 3892 1961 3970 ponder.
1979 3910 2046 3959 nar·

263 3973 357 4051 sophi
377 3990 437 4037 nott
455 3990 550 4053 panea
566 3974 745 4037 hauserunt:
763 3975 819 4037 sed
839 3974 984 4055 quoniam
1001 3992 1047 4051 ea,
1065 3996 1134 4041 snc-
1180 3983 1260 4051 rant,
1287 3976 1372 4037 illam
1398 3990 1476 4055 quae
1496 3974 1655 4040 dicebatur
1669 3972 1809 4052 herapia,
1825 3976 1891 4039 sive
1906 3976 2045 4055 tetraple,

261 4057 395 4119 cedente
422 4063 527 4135 postea
555 4058 752 4121 translatione
780 4057 829 4119 illa
845 4058 1048 4128 celeberrima
1063 4076 1134 4139 sep·
1180 4057 1245 4121 sive
1271 4060 1363 4121 etiarn
1387 4057 1518 4137 octupla.
1542 4056 1613 4119 llam
1629 4056 1732 4118 divisit
1747 4056 1878 4136 primum
1895 4057 2046 4138 Origenes

259 4138 396 4219 tuaginta
421 4138 589 4213 seniorum,
615 4139 746 4219 primum
770 4140 896 4220 negligi,
913 4142 1026 4203 deinde
1041 4144 1132 4210 etiam
1179 4139 1318 4218 singutas
1333 4141 1462 4219 paginas
1476 4141 1509 4202 in
1521 4155 1576 4203 sex
1590 4140 1762 4214 columnam
1775 4156 1810 4199 ac
1822 4143 1852 4201 in
1866 4139 1963 4217 prima
1977 4140 2047 4221 qui·

259 4220 358 4283 amitti
384 4224 497 4301 eoepit,
521 4223 559 4283 ita
576 4227 609 4283 ut
624 4224 715 4303 longo
728 4225 789 4296 jam
808 4229 943 4298 tempore
956 4225 1003 4285 vin
1019 4241 1132 4292 metuo·
1179 4224 1248 4285 dem
1265 4223 1430 4302 descripsit
1446 4222 1624 4285 hebraicum
1639 4227 1754 4283 textum
1766 4222 1863 4285 literis
1878 4221 2045 4302 hebraicis;

258 4306 303 4366 ria
319 4304 395 4385 ejus
408 4311 587 4367 conservata
603 4308 654 4370 sit.
672 4308 842 4385 enatatogo
858 4306 1029 4369 dimittitur.
1179 4308 1209 4369 ιυ
1236 4305 1374 4369 secunda
1400 4305 1533 4368 cundem
1551 4310 1666 4367 textum
1678 4304 1857 4368 hebraicum
1873 4304 1995 4385 graecis
2008 4306 2045 4369 li·

298 4387 401 4451 Prima
424 4389 562 4449 omnium
577 4404 595 4449 a
610 4386 818 4468 scriptoribus
833 4393 984 4451 nutrierant
1002 4390 1082 4455 solet
1096 4390 1132 4452 il·
1179 4393 1266 4466 teris3
1290 4392 1322 4451 in
1336 4387 1424 4452 tertia
1440 4385 1722 4467 interpretationem
1732 4386 1879 4465 ,ιυυιιεες
1894 4388 1925 4449 in
1939 4395 2046 4469 quarta

258 4468 298 4543 la,
327 4484 422 4548 quara
446 4470 609 4532 Ptolomaei
628 4470 822 4550 Philadelphi
833 4470 925 4552 jussu
941 4476 1134 4554 septuaginta
1180 4471 1461 4550 interpretationem
1485 4468 1670 4551 Symmachi:
1695 4472 1726 4531 in
1742 4470 1847 4549 quinta
1863 4470 2045 4550 interpreta-

259 4554 405 4623 seniores
427 4553 600 4628 ediderant,
619 4555 659 4616 de
674 4570 733 4631 oua
749 4554 779 4615 in
796 4556 936 4633 sequenti
953 4555 1052 4633 capite
1068 4557 1132 4635 plu·
1178 4556 1293 4617 tionem
1314 4552 1402 4617 Lxx.
1428 4554 1599 4631 saniorum3
1614 4554 1645 4614 in
1662 4558 1746 4615 sexta
1762 4552 2045 4632 interpretationem

260 4650 291 4695 ra
315 4636 471 4699 dicemus.
499 4635 574 4697 llidc
598 4634 765 4699 Eusebium
782 4638 837 4699 ιιι).
854 4635 884 4697 6.
902 4636 973 4699 hist.
989 4654 1058 4713 cap.
1077 4639 1126 4703 ιι.
1175 4636 1505 4717 l'heorlotionis.ltqae
1519 4637 1597 4707 haec
1610 4634 1903 4779 voluminaproyter
1915 4642 2057 4715 υυιιυει

257 4718 460 4779 ltlvanasiatu
488 4719 517 4778 in
545 4719 685 4797 synopsi,
706 4726 736 4781 et
750 4719 956 4799 Epiphaniam
971 4720 1002 4783 in
1018 4719 1072 4785 lib.
1089 4726 1130 4785 de
1175 4718 1788 4798 interpretationestetrapla,propterser
1799 4734 1836 4781 co
1850 4734 1960 4781 amnes
1971 4720 2045 4783 bex-

257 4816 367 4867 mens,
393 4807 425 4863 et
443 4804 601 4879 peridem,
628 4802 681 4881 qui
708 4802 923 4867 translationes
947 4803 1056 4865 ordine
1082 4819 1129 4867 re·
1175 4802 1243 4882 epla
1269 4802 1460 4867 dicebantur.
1490 4800 1616 4864 addidit
1645 4800 1759 4866 deiude
1773 4801 1911 4879 quinum
1928 4805 1959 4865 ει
1973 4817 2044 4869 sex·

258 4890 405 4947 eensent.
1175 4891 1237 4947 tam
1259 4883 1433 4947 versionem
1447 4886 1477 4947 in
1495 4885 1615 4948 duabus
1629 4883 1783 4947 columnis
1797 4884 1879 4959 aliis,
1895 4888 1927 4947 et
1939 4897 1975 4947 ea
1991 4901 2044 4947 ro·

298 4966 447 5029 Secunda
463 4966 618 5029 translatio
630 4966 814 5029 Testamenti
830 4967 941 5033 veteris
956 4984 992 5033 ott
1009 4967 1129 5031 hebrai·
1174 4966 1291 5031 lumina
1306 4968 1424 5046 oetapla
1441 4965 1618 5031 nominarit.

256 5066 292 5113 aa
319 5049 429 5128 lingua
454 5051 486 5111 in
505 5064 647 5127 graonam
662 5050 736 5111 laeta
753 5056 800 5113 est
814 5050 851 5114 ab
866 5050 973 5131 Aquila
989 5050 1126 5127 Pontico,
1216 5048 1351 5128 Septima
1376 5048 1521 5129 (trigenis
1535 5049 1630 5113 editio
1645 5054 1704 5123 est,
1720 5051 1773 5127 uui
1790 5049 1963 5127 Scripturas
1976 5049 2045 5130 qui·

253 5148 342 5195 anne
370 5130 554 5193 duodecimo
579 5132 702 5195 adriam
723 5132 927 5210 imperatoris,
946 5140 978 5195 υι
993 5134 1125 5213 Εριυιυ-
1174 5132 1245 5195 dem
1272 5148 1310 5195 ert
1329 5132 1467 5196 hebraeo
1481 5148 1544 5195 nou
1560 5132 1727 5205 transtulit,
1743 5133 1798 5195 sed
1816 5132 2043 5212 interpretatio·

254 5214 329 5277 nius
344 5213 417 5276 loco
433 5220 535 5276 comto
550 5221 727 5279 auctorest.
743 5216 810 5277 hait
824 5222 925 5278 autem
938 5216 1125 5295 squilnpri·
1171 5230 1242 5277 nem
1270 5214 1461 5294 septuaginta
1487 5215 1643 5277 seniorum
1671 5215 1712 5278 ita
1737 5214 2043 5286 emendaris-meltis

252 5314 342 5361 mum
358 5299 495 5376 gentilis,
512 5297 625 5361 ‹leinde
640 5296 836 5373 christianum
853 5305 915 5361 tuta
932 5298 971 5361 ab
987 5298 1124 5362 Ecclesia
1172 5313 1210 5360 ex
1235 5296 1446 5361 theodotione
1471 5297 1622 5373 admittis,
1650 5303 1681 5359 et
1702 5299 1812 5361 nautis
1827 5297 1918 5377 signo
1932 5297 2042 5361 stellae

250 5380 383 5459 pulsus.
410 5380 490 5459 qaod
517 5378 698 5457 astrologiae
707 5380 887 5459 judiciariae
901 5382 1062 5445 studiosus
1076 5396 1125 5444 es·
1170 5381 1328 5456 radiantis,
1342 5380 1446 5445 multis
1460 5382 1552 5444 etiam
1567 5380 1673 5453 obelo,
1689 5380 1781 5451 idest,
1796 5395 1869 5446 veru
1878 5379 2041 5460 jngutatis,

252 5470 311 5535 set,
330 5464 371 5527 ad
388 5460 522 5525 ludaeos
538 5478 574 5523 se
587 5462 726 5533 eontulit,
750 5470 780 5525 ει
794 5465 938 5542 quoniam
953 5464 1011 5528 hon
1028 5470 1125 5527 extre·
1171 5469 1206 5539 ut
1219 5479 1328 5527 novam
1343 5462 1510 5527 editionem
1527 5466 1637 5539 ιεειεεε
1653 5463 1802 5528 rideatur.
1817 5462 1861 5524 lta
1882 5477 1954 5525 vero
1969 5476 2041 5541 pro·

251 5564 302 5609 mo
320 5552 465 5623 tempore
480 5543 652 5623 Scripturas
667 5544 886 5623 interpretatus
900 5553 959 5624 est,
976 5562 1039 5610 non
1050 5546 1125 5609 satis
1171 5544 1241 5609 bata
1256 5552 1304 5609 est
1319 5562 1356 5609 co
1373 5554 1510 5627 tempore
1523 5547 1600 5609 hacc
1612 5544 1717 5616 editio,
1735 5552 1768 5607 ut
1779 5545 1864 5607 brevi
1875 5543 2044 5609 bibliothe-

252 5628 336 5695 bona
355 5624 419 5690 ilde
435 5628 464 5689 in
480 5644 518 5691 eo
533 5643 626 5705 opere
643 5636 779 5691 versatus
795 5628 939 5693 ereditur.
1171 5643 1225 5689 aas
1249 5644 1359 5692 omnes
1373 5629 1550 5708 repleverit,
1573 5635 1607 5691 ut
1622 5626 1732 5691 scribit
1746 5642 1773 5691 s.
1789 5625 1995 5709 Hieronymus
2011 5628 2044 5690 in

292 5712 401 5775 Tertia
416 5712 572 5773 translatio
588 5713 754 5775 dornmodo
769 5712 938 5790 imperante
953 5728 971 5775 a
985 5710 1123 5773 dheodo-
1171 5709 1263 5788 epist.
1278 5710 1330 5773 89.
1357 5712 1395 5773 ad
1409 5710 1588 5791 tergestin,
1604 5725 1683 5789 quae
1703 5716 1751 5778 est
1767 5711 1818 5775 ll.
1833 5710 1914 5775 inter
1926 5712 2042 5791 episto·

254 5794 342 5859 lione
370 5794 451 5857 iacta
478 5801 535 5871 est;
552 5795 603 5872 qui
619 5803 734 5867 auctor,
752 5793 810 5857 etsi
825 5810 863 5857 ert
876 5794 1030 5857 haeretico
1047 5808 1123 5857 mar·
1169 5792 1214 5854 las
1239 5792 1412 5872 Augustini.
1432 5793 1569 5856 Eandem
1594 5808 1719 5873 quoque
1749 5793 1916 5857 editionem
1936 5789 2036 5872 κευήν

254 5878 392 5941 cionista
406 5877 581 5957 proselytus
593 5876 776 5939 ludaeorum
787 5877 883 5939 lactus
898 5876 947 5947 sit,
960 5876 1066 5955 majori
1081 5882 1122 5937 tn·
1170 5875 1228 5937 hoc
1243 5884 1302 5948 εει,
1315 5891 1529 5949 remanentne,
1542 5875 1688 5954 appellari
1702 5877 1821 5941 solitam
1834 5876 1944 5944 scribit
1954 5876 2038 5939 idem

256 5976 328 6025 men
351 5959 427 6035 lide,
446 5959 616 6039 Epiphanio
631 5966 719 6033 leste,
735 5960 767 6021 in
782 5957 1031 6039 interpretatione
1047 5974 1123 6021 osus
1167 5956 1370 6039 Hieronymus
1385 5958 1513 6037 praelat.
1531 5958 1585 6021 tlh.
1599 5958 1649 6021 ιιι.
1665 5958 1698 6026 iu
1709 5958 1832 6023 lsaiam.

254 6048 313 6121 est,
339 6058 436 6123 quern
462 6042 574 6109 caeleri
599 6040 668 6122 ejus
690 6043 820 6108 slmiles.
837 6042 983 6117 Quocirca
999 6058 1122 6122 semper
1210 6042 1319 6107 Oetava
1345 6042 1438 6117 editio
1469 6058 1496 6105 s.
1514 6040 1638 6107 luciani
1664 6042 1883 6123 presbyteriet
1898 6042 2039 6122 martyris
