4792 7009
472 718 526 779 llil
1161 708 1206 768 llE
1224 710 1334 769 renuo
1355 710 1412 770 llEl

440 850 619 930 Respondet
634 846 789 911 calvinus:
805 845 891 926 loqui
907 842 1110 925 Augustinum
1138 840 1177 905 de
1192 858 1266 921 qua·
1310 860 1457 923 namque
1472 843 1624 920 arbitm,
1640 841 1688 907 ibi
1698 842 2071 923 potndmumresarciri
2081 847 2156 912 dom

399 932 467 995 darn
483 930 686 1013 persuasione
716 928 829 1011 prirata
852 928 1003 999 fidelium,
1033 943 1094 1006 qua
1123 926 1265 988 nonnulli
1310 944 1361 989 aa
1377 926 1624 992 Eidci.ubtnon
1636 928 1738 1005 pessit
1751 927 1850 989 Fides
1862 929 1986 991 sentire
2003 928 2156 1005 deiectum.

398 1021 618 1077 convertuntur
633 1014 669 1073 ad
686 1010 792 1090 iidem3
808 1017 841 1073 ut
856 1026 969 1073 sensus
985 1010 1036 1087 sit;
1066 1010 1132 1087 Ego
1157 1008 1262 1071 Ecan·
1306 1017 1342 1071 et
1355 1009 1446 1071 inira:
1464 1010 1600 1088 tempus
1615 1016 1671 1079 est,
1683 1015 1872 1071 ntocstrnm
1896 1012 2088 1087 opamscotis,
2108 1013 2157 1077 Pa

394 1096 480 1173 pelio
493 1112 563 1159 raon
578 1096 754 1168 crederem,
771 1096 864 1163 idest,
882 1110 939 1171 ega
954 1107 1046 1155 nnnc
1073 1104 1143 1152 nara
1165 1105 1266 1153 essem
1310 1096 1359 1153 ter
1372 1092 1610 1164 amantissime,
1623 1092 1863 1169 principatum,
1873 1092 2019 1171 probetis
2041 1094 2156 1169 adun,

398 1178 613 1249 Christianus,
629 1178 697 1240 nisi
709 1193 761 1260 me
776 1176 1021 1238 commovissent
1044 1173 1115 1233 suis
1129 1188 1265 1249 persna-
1307 1174 1529 1237 ministerium
1542 1175 1718 1236 honoretis.
1736 1174 1775 1236 ln
1789 1189 1825 1234 eo
1837 1174 1939 1252 plane
1963 1173 2049 1236 Petri
2060 1176 2157 1256 impic-

394 1261 543 1323 aioaibns
557 1259 743 1323 clamationi.
753 1258 787 1318 tt
800 1257 907 1337 trigido
924 1263 972 1317 est
986 1254 1112 1316 solutio:
1140 1270 1209 1315 narn
1232 1255 1264 1316 in
1308 1258 1349 1318 tis
1362 1258 1475 1333 uicem,
1492 1257 1588 1335 cirins
1602 1258 1715 1318 tenetis
1727 1257 1887 1327 etscdem,
1901 1258 1932 1318 si
1944 1264 2051 1320 amira
2063 1260 2157 1322 adora

396 1343 507 1423 primis
524 1347 562 1406 de
579 1341 733 1422 praesenti
747 1340 881 1415 loquitor
892 1338 1081 1417 Augustinus
1094 1352 1162 1396 cunr
1175 1336 1262 1398 dicit:
1306 1341 1432 1402 cittene
1448 1341 1552 1402 corda
1565 1341 1603 1401 in
1618 1338 1699 1400 Eide
1712 1337 1912 1417 fluctuantia
1922 1337 2156 1417 confimationi

393 1424 464 1487 Nisi
478 1442 528 1487 me
545 1428 755 1487 commoneret
769 1422 945 1482 arroteritae
957 1420 1133 1481 Ecclesiae.
1143 1417 1263 1481 Deinde
1303 1427 1412 1485 cestra
1426 1423 1618 1484 atmtoritate
1635 1419 1799 1482 conteritis
1814 1421 1909 1483 Fidei
1923 1425 2157 1499 coemptorem

392 1510 485 1585 paulo
501 1508 588 1569 intra:
607 1502 851 1581 Qrtibusinquit,
864 1500 1144 1581 praecipientibus
1155 1501 1262 1564 Eean-
1307 1505 1399 1580 epist.
1417 1503 1488 1565 tsi.
1505 1503 1668 1573 Dicebam,
1685 1501 1831 1581 sufficere
1842 1504 1967 1581 scripta
1981 1503 2049 1583 ep'as
2063 1506 2155 1567 adoc-

392 1590 478 1667 pctio
495 1590 623 1652 credidi
639 1633 646 1661 ,
665 1586 714 1647 luis
723 1583 916 1660 jubentibus
942 1584 1001 1645 tibi
1028 1584 1163 1645 cannino
1192 1599 1262 1647 non
1304 1587 1493 1648 ornandum
1508 1602 1596 1657 enm,
1611 1600 1672 1647 nec
1686 1600 1762 1645 mea
1775 1584 1908 1660 reterre,
1924 1586 1985 1647 sed
2003 1586 2154 1665 Episcopo·

394 1673 537 1734 credam.
551 1669 607 1731 Ubi
623 1684 683 1729 uon
700 1666 891 1737 suasionem,
905 1666 961 1728 sed
976 1665 1139 1741 imperium
1156 1664 1263 1728 tribuit
1304 1682 1393 1740 ram,
1409 1682 1553 1747 quornm
1566 1672 1646 1729 essct
1659 1666 1835 1730 ministerii
1848 1667 1890 1730 dc
1903 1668 2104 1748 dogmatibus
2111 1669 2155 1747 in

389 1750 561 1815 Ecclesiae.
591 1750 629 1811 Et
651 1749 753 1824 intra,
778 1748 911 1827 loquens
939 1748 978 1809 de
1006 1747 1086 1809 libro
1114 1746 1260 1811 Actorum
1306 1749 1432 1813 dicare.

387 1834 646 1911 Apostolicorum:
667 1830 726 1893 dni
751 1828 845 1904 libro,
876 1831 1001 1908 inquit,
1031 1844 1162 1892 necesse
1190 1836 1258 1908 cst,

387 1930 438 1976 are
464 1916 617 1989 credere,
641 1914 671 1975 si
690 1914 786 1975 credo
816 1911 1013 1989 Euangelio,
1041 1912 1203 1989 qnoniam
1221 1928 1259 1975 n·

387 2000 538 2076 iramque
575 1996 782 2073 Scriptorum
810 1994 961 2056 similiter
988 1993 1071 2055 mibi
1094 1992 1260 2057 Catltolica
1635 1990 1757 2057 CAPUT
1791 1991 1845 2057 lx.

386 2079 593 2140 commendat
608 2077 799 2152 anctoritas3
815 2075 902 2137 Idem
930 2075 962 2137 in
978 2090 1117 2152 prooem.
1135 2076 1191 2137 lib.
1219 2078 1259 2139 dc

386 2160 469 2221 doct.
488 2160 600 2222 Christ.
619 2160 705 2236 quasi
723 2158 906 2236 praevidens
922 2156 1064 2235 spiritum
1088 2158 1180 2218 istum
1196 2157 1259 2237 pri·
1503 2155 1765 2237 lacmprotomr
1778 2156 1976 2221 mactans.

385 2248 500 2316 ratum,
518 2243 569 2320 qui
587 2242 773 2319 dedignatur
795 2240 910 2301 babere
938 2244 1185 2317 praeceptorem,
1201 2240 1258 2302 Ga·

385 2337 533 2396 cccmus,
550 2323 662 2399 inquit,
678 2323 757 2384 tatas
770 2323 964 2384 tentationes
992 2319 1257 2399 superbissimas,

389 2406 737 2485 elpericnlasissiruas,
753 2405 924 2483 magisque
953 2404 1128 2482 cogitemus
1147 2409 1257 2466 centn·
1342 2402 1493 2465 Probatur
1519 2401 1629 2465 ultimo
1653 2401 1784 2464 ratione.
1810 2401 1876 2463 ton
1900 2400 2061 2480 ignorabat
2073 2404 2154 2483 bens,

390 2488 520 2550 rionem
550 2487 745 2549 Corneliam:
763 2487 913 2565 quamcis
935 2487 1115 2548 enoadttas
1137 2488 1256 2548 oratio·
1306 2486 1420 2547 multas
1434 2485 1466 2546 in
1482 2485 1622 2547 Ecclesia
1638 2486 1809 2547 exorituras
1824 2482 2023 2547 difficultates
2043 2487 2117 2550 circa
2129 2487 2156 2550 t·
2185 2505 2186 2516 ¹

385 2585 445 2631 nes
461 2570 544 2651 ejus,-
561 2570 847 2649 eleemosynasque
866 2573 1028 2645 respectas
1059 2568 1090 2629 ei
1117 2568 1257 2645 lageran
1301 2565 1385 2644 dem;
1401 2566 1509 2629 debuit
1523 2567 1616 2645 igitur
1627 2565 1767 2645 judicem
1779 2566 1913 2644 aliquem
1928 2566 2084 2631 Ecclesiae
2098 2587 2155 2649 pro·

386 2652 607 2721 concluserit,
621 2651 713 2712 Petra
730 2656 840 2712 tamen
856 2650 1014 2713 traditam
1027 2648 1254 2712 imbuendum.
1301 2648 1521 2711 riderezatiste
1539 2648 1637 2728 juder
1652 2664 1713 2710 uon
1729 2653 1831 2727 potest
1847 2662 1919 2710 esse
1935 2647 2100 2727 Scriptura,
2113 2667 2158 2716 nc·

387 2732 428 2795 Et
443 2740 526 2795 certe
540 2734 722 2811 spadonem
735 2732 905 2811 illamam
925 2732 1050 2793 leniam
1062 2731 1257 2809 propnetam
1300 2746 1363 2809 quc
1376 2732 1504 2809 spiritus
1516 2731 1659 2792 revelans
1675 2731 1930 2809 privatosoequc
1946 2731 2090 2811 princeps
2100 2748 2155 2797 sac·

387 2816 495 2892 legens
506 2832 576 2877 non
590 2814 800 2892 intelligebat,
817 2814 981 2893 nequead
995 2812 1155 2891 Ampelum
1176 2814 1255 2892 lpo·
1301 2814 1429 2889 colaris3
1446 2812 1539 2893 igitur
1565 2814 1714 2891 princeps
1728 2812 1980 2883 Ecclesiasticus,
1998 2814 2047 2875 rel
2072 2816 2154 2891 solos,

383 2896 484 2959 stolus
499 2899 662 2968 misticae
678 2898 708 2957 ei
721 2912 780 2974 per
794 2894 954 2975 Ampelum
968 2897 1004 2957 id
1019 2896 1108 2975 qnod
1121 2912 1190 2959 nan
1204 2898 1256 2960 in·
1300 2896 1349 2957 rel
1361 2902 1445 2957 certe
1471 2912 1544 2957 cum
1565 2895 1699 2956 concilio
1726 2899 1756 2957 et
1781 2910 1938 2957 consensu
1966 2893 2155 2976 Coepiscopo

385 2979 553 3058 tettipebat'
563 2980 758 3057 sepositum,
773 2983 830 3040 aut
845 2978 1003 3040 diuinitus
1015 2980 1054 3039 in
1064 2983 1169 3041 mente
1183 2979 1256 3042 sine
1302 2994 1383 3039 ram:
1397 2992 1457 3039 nec
1472 2978 1556 3039 enim
1571 2976 1709 3055 lingitur,
1725 2992 1787 3039 nec
1802 2980 1903 3056 potest
1917 2976 1995 3056 ilngi
2010 2978 2119 3057 aliquid
2131 2996 2155 3042 a·

385 3060 527 3124 bominis
541 3061 723 3123 ministerio
738 3060 918 3123 reoctatnm
930 3066 974 3122 est
989 3065 1047 3123 etc.
1304 3059 1383 3134 liud,
1400 3059 1438 3121 ad
1455 3059 1536 3137 quod
1550 3060 1610 3121 lroc
1623 3056 1776 3138 judicium
1790 3058 1948 3138 pertinere
1961 3075 2056 3137 posse
2068 3061 2155 3124 alosa

424 3142 598 3224 Prosperio
616 3144 670 3204 lib.
685 3147 768 3205 cont.
783 3140 892 3203 Callai.
922 3143 953 3203 iu
976 3140 1050 3214 flue,
1081 3156 1143 3203 non
1167 3142 1256 3206 aliter
1302 3145 1363 3203 tur.
1380 3140 1421 3203 lo
1437 3143 1593 3220 primum,
1617 3157 1680 3203 nou
1710 3156 1782 3203 esse
1803 3140 1942 3223 judicem
1959 3141 2153 3221 scripturam,

384 3224 505 3301 probat,
525 3226 704 3305 Pelagianos
720 3238 791 3285 vere
804 3238 875 3285 esse
887 3222 1167 3301 lraerelicos,qumn
1183 3228 1254 3303 quia
1301 3223 1430 3302 planum
1448 3230 1508 3302 csl3
1524 3225 1595 3301 quia
1611 3223 1711 3285 varios
1727 3238 1842 3285 sensus
1857 3222 1980 3300 recipit,
1997 3240 2056 3286 nec
2070 3230 2157 3302 potest

385 3305 520 3369 damnati
539 3308 658 3368 lucrant
673 3324 688 3367 a
705 3306 852 3367 Romanis
867 3304 1042 3383 Episcopis.
1059 3305 1254 3381 lurrocentio,
1299 3306 1366 3384 ipso
1382 3306 1500 3378 dicere,
1516 3307 1587 3384 quis
1601 3305 1642 3366 sit
1656 3320 1759 3367 verus.
1775 3305 1940 3368 Praeterea
1966 3304 2000 3366 in
2016 3307 2096 3368 omni
2110 3307 2155 3369 lie·

385 3387 528 3463 Eosimo,
552 3388 706 3451 Eoniiucio
725 3434 733 3458 ,
764 3386 953 3450 coelestino.
977 3386 1158 3449 Vincentius
1180 3387 1254 3449 liri·
1300 3388 1425 3466 publica
1439 3388 1520 3449 bone
1538 3389 1674 3449 instituta
1691 3393 1722 3450 et
1735 3388 1867 3462 ordinta,
1883 3387 1934 3449 lex
1960 3394 1991 3449 et
2015 3387 2108 3467 judex
2121 3390 2155 3449 di·

387 3471 497 3533 nerisis
510 3472 539 3531 in
556 3487 613 3533 suo
630 3469 814 3533 Commonit.
831 3486 900 3547 cap.
917 3471 961 3531 2:
979 3468 1048 3540 llic,
1066 3468 1175 3545 inquit,
1188 3470 1254 3547 for·
1300 3469 1432 3531 stinctae
1448 3485 1499 3532 res
1514 3476 1597 3531 sunt.
1612 3468 1673 3531 lex
1689 3470 1771 3531 enirn
1794 3471 1884 3532 docet
1905 3469 1979 3546 quid
2003 3473 2152 3546 agendum,

384 3551 473 3615 sitan
501 3554 649 3633 requirat
664 3553 797 3631 aligeris,
814 3568 889 3613 cram
903 3552 1117 3629 sitpertectus
1147 3550 1255 3629 Scm'p·
1300 3557 1330 3613 et
1343 3551 1443 3630 judex-
1466 3553 1567 3629 legem
1597 3552 1828 3629 interpretatur.
1856 3558 1888 3613 et
1912 3553 2084 3613 secundnm
2099 3568 2154 3614 cau

387 3638 541 3697 tetrarum
555 3651 675 3710 conon,
693 3634 775 3713 qtn'd
789 3649 871 3712 opas
887 3639 943 3707 est,
958 3640 995 3694 nt
1009 3634 1040 3695 ci
1053 3633 1255 3696 Ecclesiasti·
1301 3634 1446 3697 homines
1467 3634 1582 3714 dirigit.
1604 3633 1745 3712 Denique
1768 3634 1807 3696 dc
1823 3634 2001 3711 Scripturas
2022 3634 2156 3713 iuterpre-

385 3730 443 3777 cae
457 3718 694 3795 intelligentiae
704 3716 869 3797 jungatur
883 3716 1080 3794 auctoritas?
1095 3714 1191 3789 mtto
1211 3717 1256 3778 ei·
1302 3718 1418 3778 tatione
1439 3717 1581 3795 quaestio
1596 3721 1666 3779 est:
1695 3732 1756 3777 uon
1771 3722 1874 3779 autem
1890 3731 1926 3779 sc
1937 3717 2006 3797 ipsa
2020 3715 2155 3796 interpre·

384 3798 500 3862 delicet
514 3798 719 3877 Scripturam
733 3814 864 3861 sacram
875 3814 936 3877 pro
950 3798 1026 3875 ipsa
1045 3798 1100 3860 sni
1111 3799 1256 3860 cltitndi·
1303 3801 1359 3859 tori
1376 3804 1489 3877 polest.

382 3894 425 3941 ne
439 3897 509 3944 non
521 3897 589 3943 ane
613 3882 790 3959 eodemque
815 3895 916 3942 sensa
937 3894 1047 3943 amnes
1074 3881 1254 3959 occipiunt,
1343 3880 1391 3955 tt,
1409 3879 1564 3958 inquiunt,
1581 3896 1618 3941 er
1630 3880 1796 3942 collatione
1809 3878 1962 3943 rariorum
1975 3878 2155 3943 locorumla·

382 3964 441 4027 sed
457 3963 602 4041 ejusdem
618 3962 749 4042 eloquia
761 3962 856 4025 aliter
870 3963 969 4028 alins.
984 3968 1081 4041 atque
1103 3962 1190 4024 alias
1204 3963 1256 4025 in·
1302 3962 1363 4025 cite
1388 3968 1491 4042 potest
1508 3980 1523 4025 a
1546 3962 1655 4041 quovis
1684 3962 1858 4041 linguarum
1882 3962 1981 4042 perito
1996 3963 2063 4025 erui
2074 3978 2154 4026 veras

385 4050 591 4124 terpretatur,
608 4052 645 4107 nt
656 4059 742 4125 pene
757 4051 834 4125 qnot
848 4044 995 4107 homines
1006 4049 1095 4119 anni,
1110 4046 1255 4107 tatittr'nc
1301 4060 1428 4107 sensus.
1446 4044 1507 4107 Sed
1523 4046 1609 4123 quid,
1626 4046 1652 4106 si
1668 4044 1758 4105 multi
1773 4048 1836 4107 slot
1863 4045 2039 4125 linguarum
2063 4046 2152 4125 periti,

381 4131 562 4191 sentcntiae
579 4130 652 4192 erni
663 4143 758 4207 posse
787 4128 976 4190 uideantur.
1003 4129 1102 4207 ltqne
1129 4128 1254 4189 idcirco
1301 4133 1332 4189 st
1346 4135 1454 4188 eadem
1476 4127 1543 4188 loca
1558 4126 1641 4188 inter
1654 4142 1689 4188 se
1705 4127 1886 4203 conterent,
1904 4135 1935 4189 ct
1949 4135 2050 4190 tumen
2065 4128 2153 4189 adbuc

377 4211 522 4274 nantmm
537 4226 667 4275 ricccsse
683 4218 739 4277 est.
753 4217 888 4289 propter
903 4216 1008 4273 tantos
1031 4216 1097 4273 tam
1107 4210 1194 4272 uarii
1206 4225 1254 4272 er·
1302 4210 1475 4271 convenire
1487 4225 1550 4269 non
1563 4209 1695 4287 possint:
1715 4211 1787 4289 quis
1802 4216 1865 4272 tarn
1881 4210 1939 4273 erit
1951 4211 2068 4289 judex?
2081 4217 2153 4272 certe

380 4293 464 4355 roris
480 4294 700 4370 arriractnsmt
714 4292 926 4372 Propbcticae
942 4300 972 4355 ct
986 4292 1187 4371 Apostolicac
1201 4292 1252 4355 in·
1299 4291 1388 4353 multi
1410 4290 1676 4365 lutheranorum,
1702 4292 1791 4355 multi
1816 4293 1889 4354 item
1915 4292 2152 4371 Eulogiiauorum

381 4377 620 4452 terpretatianis
637 4377 726 4438 linea
736 4375 1142 4439 sccundumEcclesiastici
1153 4381 1182 4437 et
1197 4373 1254 4436 Ca·
1299 4373 1475 4453 linguarum
1488 4373 1578 4451 periti
1590 4374 1726 4449 luerunt,
1740 4380 1771 4437 et
1785 4376 1954 4454 scripturas
1967 4376 2046 4437 inter
2059 4390 2091 4435 sc
2101 4390 2153 4433 rna·

381 4456 619 4519 tltoliciscnsas
643 4474 798 4520 normam
827 4458 994 4535 dirigatur
1022 4463 1081 4520 etc.
1112 4458 1253 4519 llortnnm
1299 4471 1361 4533 gne
1377 4455 1483 4518 labore
1499 4457 1707 4531 contulerunt,
1731 4462 1879 4520 ettamen
1905 4458 1936 4517 in
1965 4456 2153 4533 explicatione

382 4543 483 4599 autern
498 4556 611 4600 sensus
628 4538 789 4615 Catholici,
805 4538 921 4601 ibidem
935 4545 1040 4617 operte
1053 4538 1188 4601 ostendit
1203 4554 1253 4601 es·
1298 4536 1383 4600 itlius
1398 4538 1583 4611 sententiae,
1599 4540 1665 4601 ltac
1677 4543 1722 4601 cst
1735 4538 1857 4618 Corpus
1868 4555 1990 4611 meam,
2004 4539 2152 4601 convenire

330 4654 333 4660 -
381 4634 415 4680 sc
433 4617 641 4684 Conciliorum
654 4621 791 4698 decreta,
808 4622 1049 4685 consensionem
1073 4622 1206 4699 Petrum,
1224 4626 1255 4685 et
1298 4635 1458 4699 nunquam
1474 4625 1653 4699 potuerunt.
1669 4621 1708 4682 tlt
1722 4621 1913 4702 zwingliani,
1930 4620 2152 4685 dicctLutbcn·

379 4700 504 4767 similia.
1298 4718 1371 4775 uus,
1388 4704 1541 4766 excaecati
1557 4708 1641 4776 sunt,
1659 4704 1791 4782 proinde
1820 4704 1896 4766 nibil
1913 4707 2045 4779 mirum,
2062 4702 2085 4765 si
2100 4701 2151 4763 cla·

420 4784 586 4865 Gregorius
601 4784 655 4847 lib.
670 4784 701 4847 6.
712 4782 805 4865 epist.
822 4783 874 4846 25.
889 4786 994 4858 doen,
1011 4785 1122 4865 inquit,
1134 4790 1252 4849 nottnn
1296 4784 1418 4847 rissimo
1434 4786 1554 4847 bomini
1568 4786 1659 4847 rerba
1677 4802 1738 4847 non
1759 4785 1922 4866 intelligat.
1950 4788 2012 4849 Sed
2036 4783 2114 4865 quid,
2127 4782 2150 4844 si

379 4874 435 4942 est,
451 4869 617 4946 piissimos
633 4869 784 4931 dominos
799 4868 1012 4948 disciplinam
1027 4870 1174 4947 diligere,
1199 4885 1250 4931 cr·
1297 4866 1505 4946 Eninglianus
1529 4868 1723 4931 lutheranos
1746 4875 1927 4932 excaecatos
1955 4870 2059 4943 dicat,
2092 4864 2150 4943 quis

380 4950 474 5013 dines
488 4966 630 5020 screare,
648 4966 791 5013 canones
805 4953 969 5027 uenerari,
979 4957 1008 5013 et
1023 4966 1058 5013 se
1070 4952 1109 5013 in
1124 4951 1249 5014 caussis
1298 4949 1357 5011 erit
1366 4949 1482 5028 iudex?

378 5032 636 5095 sacerdotatibus
650 5048 719 5096 tion
732 5033 878 5095 iniecere.
891 5034 1058 5095 Ausclmus
1081 5032 1113 5095 in
1131 5033 1185 5093 lib.
1209 5033 1249 5097 de
1338 5031 1425 5104 Quod
1441 5037 1542 5095 autem
1560 5031 1694 5109 Spiritus
1708 5032 1851 5095 revelans
1866 5033 2035 5112 unicuique
2049 5029 2147 5112 priratc

379 5114 500 5175 incarn.
517 5114 609 5177 Verbi
626 5132 695 5193 cap.
715 5116 743 5175 l.
759 5115 804 5176 sic
820 5114 974 5178 Urbanum
990 5130 1151 5178 romanum
1165 5114 1245 5175 Pon·
1295 5110 1413 5175 bomini
1426 5113 1523 5194 judex
1538 5130 1609 5177 csse
1626 5130 1686 5177 nou
1701 5115 1911 5194 possit,tacile
1927 5116 2145 5178 demonstratur.

378 5195 491 5259 tiilcem
507 5197 684 5275 alloquitur:
704 5194 877 5272 Quoniam,
893 5198 1004 5277 inquit,
1035 5198 1151 5261 diuina
1170 5212 1245 5275 pro·
1293 5194 1456 5273 Siquidem
1472 5196 1536 5272 illc,
1555 5197 1606 5274 qai
1623 5204 1671 5258 cst
1686 5198 1716 5258 io
1733 5204 1776 5269 te,
1801 5215 1817 5258 u
1834 5214 1884 5259 me
1900 5215 2002 5277 neque
2032 5197 2144 5264 ridetur,

375 5281 524 5343 sidentia
537 5286 679 5343 cestram
693 5280 786 5357 elegit
806 5282 1038 5353 sanctitatem,
1062 5281 1118 5342 etti
1144 5281 1246 5341 uitam
1295 5293 1398 5355 raeque
1413 5279 1546 5341 auditur:
1566 5278 1663 5349 judex
1688 5280 1782 5342 debet
1796 5280 1892 5343 rideri
1919 5288 1950 5343 et
1965 5280 2061 5343 audiri
2074 5276 2107 5338 ab
2118 5292 2145 5335 u·

378 5368 406 5424 et
420 5361 536 5426 Eidem
553 5362 775 5425 Claristianam
790 5364 1052 5434 custodiendam,
1083 5366 1112 5423 et
1139 5361 1248 5423 Eccle·
1295 5366 1403 5437 traque
1419 5366 1505 5439 parte
1521 5360 1672 5441 litigantc3
1689 5379 1759 5424 nam
1774 5362 1853 5423 tales
1868 5369 1941 5425 suot
1961 5364 2014 5442 qui
2039 5364 2146 5423 conten·

377 5444 465 5507 siam
478 5461 575 5509 suam
589 5446 770 5525 rependam
790 5446 998 5508 committeret
1012 5463 1020 5521 3
1045 5444 1091 5506 ad
1116 5444 1250 5506 necllum
1295 5441 1384 5514 (iurat,
1402 5442 1545 5504 nimirum
1562 5444 1706 5507 homines
1722 5446 1912 5523 corporales,
1928 5446 1955 5507 si
1976 5446 2058 5507 enim
2071 5439 2145 5519 spiri·

379 5525 907 5607 alinmrectinsreferlttrsiqaid
922 5526 1250 5590 contradatboticam
1295 5529 1345 5584 tus
1372 5539 1527 5594 essemus.
1556 5526 1632 5588 torte
1658 5527 1813 5590 sufficeret
1836 5527 1990 5606 judicium
2021 5526 2144 5604 spiritus.

376 5606 492 5669 Fidem
507 5611 611 5676 oritur
624 5613 662 5676 in
676 5609 874 5687 Ecclesiam
889 5611 959 5693 atas
975 5612 1168 5673 anctoritate
1181 5624 1250 5673 cor-
1294 5604 1454 5671 Praeterea
1482 5607 1512 5669 io
1529 5608 1696 5685 licpublica
1724 5610 1884 5687 temporali
1910 5626 2020 5671 omncs
2046 5606 2146 5668 babent

375 5692 506 5767 rigatur
520 5698 577 5753 ctc.
1294 5695 1401 5752 lerum
1419 5691 1523 5753 lernen
1540 5693 1759 5769 naturaleque
1775 5692 1826 5754 lcr
1840 5693 1962 5755 condita
1975 5697 2065 5765 cst,et
2075 5686 2144 5764 quod

418 5771 593 5835 bernardus
608 5774 699 5851 epist.
719 5776 789 5839 titi.
813 5774 855 5837 tc
879 5774 1040 5837 lnnocenl.
1068 5774 1179 5853 Papam
1202 5771 1244 5836 tl.
1292 5772 1563 5835 sanctuarinm
1580 5774 1980 5852 exponendamettomen.
2004 5783 2146 5849 tranquam

379 5852 505 5930 Oportet
519 5856 565 5917 ad
578 5861 720 5918 uestram
733 5858 851 5937 referri
862 5856 1082 5936 Apostolorum
1094 5856 1246 5935 pericnla
1289 5856 1476 5927 permittitur
1485 5856 1565 5935 legis
1576 5856 1915 5936 iuterpretatidprirato
1923 5857 2041 5938 iudicio
2056 5853 2147 5915 unius·

378 5950 540 6015 quaeque,
558 5945 588 5999 et
601 5939 762 6001 scandata
775 5940 972 6019 emergentia
996 5941 1035 6002 in
1048 5955 1148 6017 tegno
1164 5939 1243 6014 lici,
1290 5938 1456 6018 ttrjusque:
1487 5944 1518 6001 et
1539 5938 1565 6000 si
1582 5940 1821 6017 permitteretur,
1838 5938 1892 6001 diu
1916 5936 2086 6017 respublica
2101 5934 2147 5995 du·

377 6034 416 6081 nc
429 6021 635 6099 pracsertim,
650 6036 735 6101 qtrae
751 6023 792 6084 de
810 6022 887 6085 dide
903 6023 1084 6100 conligunt.
1102 6022 1245 6099 ltr'pntrm
1290 6030 1360 6087 rnre
1375 6038 1438 6085 nou
1453 6026 1573 6101 posset3
1589 6027 1703 6100 quanto
1725 6036 1799 6101 crgo
1828 6023 1933 6086 miuus
1959 6016 2148 6103 permittenda
