4792 7009
430 823 482 881 rm
576 859 580 869 ι
1158 819 1348 880 PRAEFATIO

363 958 438 1021 rilos
452 956 621 1038 quosdam,
638 955 689 1032 eil,
706 953 859 1020 Christum
875 954 975 1018 tueare
989 953 1147 1020 hominem
1161 971 1227 1019 om·
1270 956 1355 1020 mitti
1369 961 1512 1022 ereetum
1527 959 1748 1040 aquationem,
1764 961 1824 1024 ned
1838 961 1968 1044 aliquid
1977 965 2139 1030 ιιειιιιιοι
2202 912 2203 976 ¹

362 1073 564 1152 nipotentem.
588 1072 666 1147 Quid
687 1079 790 1135 nutem
803 1077 853 1134 est
864 1071 960 1146 aliud,
975 1088 1039 1135 non
1053 1087 1126 1135 esse
1141 1069 1227 1134 chri·
1272 1075 1342 1138 oet.
1358 1077 1487 1141 Neeesse
1502 1085 1546 1142 est
1560 1084 1669 1142 nutem
1681 1093 1852 1157 personam
1866 1095 1934 1144 osae
1947 1083 2141 1145 astinetum

364 1195 447 1254 stum
470 1191 627 1254 hominem
653 1188 923 1268 omnipotentem,
950 1203 1042 1266 quam
1068 1203 1131 1250 non
1157 1201 1229 1250 esse
1274 1207 1359 1274 none
1374 1194 1561 1275 estolipuid
1574 1195 1643 1271 hat,
1659 1200 1689 1256 et
1703 1201 1891 1260 temeonuu
1902 1197 2139 1262 muneremune-

364 1307 518 1373 Christum
534 1307 690 1371 hominem
705 1304 872 1378 beumsed
887 1305 966 1367 duas
981 1319 1053 1367 esse
1064 1303 1097 1366 in
1108 1301 1229 1368 Christo
1274 1309 1361 1389 lippo
1376 1310 1467 1390 igitur
1478 1317 1530 1374 aut
1541 1312 1654 1374 multae
1669 1318 1742 1375 sunt
1753 1319 1878 1376 naturae
1890 1311 2022 1390 diuinae,
2038 1321 2073 1378 et
2086 1314 2140 1374 ha·

362 1441 524 1506 personas,
542 1431 574 1486 ut
587 1426 741 1505 quondam
761 1421 874 1502 impius
888 1421 1105 1484 meresiarehu
1121 1421 1230 1486 Nesto·
1274 1426 1350 1490 bent
1362 1426 1448 1508 quod
1464 1429 1569 1492 uolunt
1585 1428 1654 1490 noui
1670 1427 1862 1506 Tritheistae‚
1895 1437 1947 1492 aut
1961 1438 2045 1494 eerle
2061 1434 2139 1496 mul·

361 1542 428 1607 rius
442 1542 644 1622 praedicauit?
657 1540 692 1602 ln
708 1539 787 1602 libro
803 1555 875 1602 uero
890 1539 929 1601 de
945 1537 1092 1601 conciliis
1104 1545 1183 1618 part.
1196 1538 1228 1602 2.
1278 1548 1326 1606 tae
1341 1549 1413 1613 sunt
1426 1551 1529 1625 partes
1543 1545 1666 1608 diuinae
1688 1550 1826 1621 naturae,
1839 1561 1918 1625 quae
1943 1553 1991 1610 est
2015 1549 2141 1629 antiqua

364 1658 454 1732 Mihi,
478 1658 588 1737 inquit,
609 1657 712 1736 portio
735 1661 813 1719 onte
826 1655 994 1733 nepotibus
1007 1653 1072 1731 sitii
1085 1670 1160 1716 clim
1174 1653 1231 1716 Ne·
1275 1660 1415 1725 haeresis
1429 1661 1584 1740 aliquanto
1598 1662 1708 1724 Ariane
1738 1661 1911 1725 absurdior:
1941 1662 1980 1726 de
2009 1681 2066 1744 qua
2094 1667 2140 1728 sie

364 1775 527 1850 alomonis,
544 1774 603 1854 qut
614 1773 873 1854 pertinacissime
888 1777 1002 1834 eontra
1017 1786 1068 1833 ma
1084 1771 1232 1849 disputo·
1280 1777 1354 1840 olim
1370 1778 1557 1858 Augustinus
1573 1778 1603 1839 in
1620 1778 1699 1840 libro
1724 1778 1763 1840 de
1786 1778 1969 1842 haeresibus
1992 1795 2063 1859 esp.
2088 1781 2140 1844 ll.

365 1890 454 1964 bont,
478 1891 568 1971 quod
586 1890 746 1952 Dimmidi
770 1888 885 1952 Cilissli'
900 1903 971 1951 non
982 1887 1179 1966 Wisiipssii·
1194 1885 1233 1949 Εῑ
1275 1895 1340 1968 Eeb
1358 1895 1468 1972 inquit,
1484 1894 1555 1956 olto
1568 1894 1710 1958 loueresis
1725 1909 1810 1975 quoe
1825 1893 2003 1972 triformem
2027 1897 2074 1958 udo
2090 1913 2142 1958 os·

364 2008 462 2076 inira:
491 2008 629 2086 eportet,
655 2007 766 2086 inquit,
791 2006 871 2083 diei,
896 2004 951 2074 bie
976 2005 1072 2068 bomo
1098 2003 1232 2079 celetem,
1278 2013 1356 2076 serit
1370 2010 1868 2092 ltenmmtquuedemporsep'ms
1878 2008 2143 2090 sitPnterpuoe·

366 2127 448 2197 boeo
469 2141 544 2188 eoro
560 2131 588 2188 et
601 2124 737 2204 sompnis
753 2124 899 2186 condidit
914 2123 1039 2185 eoelum
1055 2129 1084 2184 el
1098 2128 1230 2187 terrum.
1280 2129 1359 2196 dam
1373 2128 1489 2204 Filiam,
1505 2129 1673 2210 quaedam
1688 2127 1827 2206 Spiritus
1842 2133 1985 2188 senatun.
2001 2126 2097 2190 Porro
2113 2128 2143 2188 tu

367 2244 457 2308 Certe
472 2242 598 2304 nornine
613 2239 778 2302 diuinitatis
794 2245 825 2300 et
839 2239 942 2302 earnis
955 2239 1081 2304 uomina
1096 2245 1169 2300 sunt
1180 2255 1234 2302 na·
1278 2246 1355 2308 locis
1371 2246 1512 2328 ajirsdem
1523 2245 1594 2310 unni
1618 2245 1669 2306 lh.
1694 2243 1777 2306 idem
1806 2242 1977 2321 Philippus:
2007 2243 2078 2306 ll'om
2101 2248 2146 2305 ast

365 2371 514 2437 durarum,
524 2374 586 2420 non
601 2371 889 2437 personmummm
903 2355 931 2417 si
946 2355 1077 2418 hubtero
1091 2354 1234 2419 diuinitas
1279 2361 1424 2445 quidem,
1441 2361 1551 2442 inquit,
1569 2361 1725 2434 tacerem,
1742 2363 1800 2422 out
1812 2365 1943 2422 mortuo
1956 2360 2074 2422 dimne
2084 2375 2144 2424 nn·

367 2479 500 2561 petitur,
524 2477 551 2538 si
573 2491 644 2536 euro
665 2473 787 2536 eoelum
808 2479 839 2535 et
860 2476 971 2533 terram
992 2471 1140 2547 condidit3
1162 2471 1234 2550 quis
1277 2487 1364 2552 tura,
1378 2479 1437 2542 sed
1450 2478 1514 2557 [ult
1535 2477 1687 2540 obediens
1701 2476 1804 2548 Palm,
1822 2477 1953 2556 quieuit,
1968 2477 2062 2540 cessit
2075 2477 2147 2539 irae

367 2611 431 2660 non
445 2593 546 2657 rideat
558 2609 576 2653 a
590 2591 723 2654 halbero
739 2587 849 2656 Christi
865 2594 987 2654 neturus
999 2603 1069 2652 eum
1081 2587 1235 2672 Eutpebe·
1281 2595 1407 2658 eetemi
1421 2593 1538 2660 Petris.
1553 2592 1632 2666 Quid
1646 2592 1760 2658 elarius
1775 2608 1831 2674 pro
1844 2591 1950 2654 triana
1963 2591 2085 2656 haeresi
2101 2591 2145 2654 di·
2206 2638 2207 2646 ο

368 2719 400 2776 ιι
415 2709 578 2774 eoninndil
1279 2709 1308 2773 ei
1325 2709 1469 2790 poterell
1487 2707 1560 2775 nnn
1586 2709 1613 2772 si
1640 2715 1746 2770 natura
1772 2707 1874 2768 diuina
1899 2705 1967 2768 lilii
1989 2706 2065 2769 l’utri
2087 2705 2145 2770 iuit

410 2829 464 2900 do,
479 2834 512 2888 ut
533 2824 774 2905 propensionem
786 2821 881 2884 enimi
892 2821 1019 2884 Luiheri
1033 2822 1065 2885 iu
1081 2823 1140 2886 bos
1152 2839 1235 2885 som·
1283 2827 1445 2902 obediens‚
1462 2833 1545 2889 eerle
1560 2839 1623 2888 nou
1637 2831 1686 2886 est
1698 2839 1756 2886 una
1771 2822 1867 2888 Putris
1881 2828 1912 2884 et
1933 2820 2004 2886 Filii
2025 2831 2142 2898 nature,

370 2963 439 3010 mos
455 2946 534 3009 dnos
548 2943 779 3008 haeresiurehas
793 2941 917 3020 planius
943 2939 1180 3022 perspiciamus
1203 2942 1235 3004 in
1283 2958 1344 3008 nee
1365 2948 1413 3006 est
1426 2942 1509 3008 oeus
1523 2940 1621 3006 Filius
1636 2941 1699 3006 beo
1714 2939 1793 3004 Patri
1808 2938 1966 3018 aequalis:
1991 2956 2051 3019 qua
2076 2955 2147 3002 sen·

370 3064 425 3126 illo
440 3062 549 3127 eodem
565 3061 605 3123 de
619 3059 766 3124 Consiliis
781 3059 871 3132 libro,
887 3058 1062 3121 Nestorium
1089 3064 1121 3119 et
1142 3057 1233 3139 Euty·
1281 3059 1374 3124 tentia
1386 3058 1464 3121 nibil
1472 3055 1722 3138 ineundiusnori
1734 3054 1837 3118 Ariani
1849 3054 1955 3117 audire
1966 3060 2144 3134 potnerunt.

371 3181 492 3246 abelem
508 3195 545 3240 ex
559 3177 680 3240 inseitie
694 3177 794 3239 solum
816 3175 928 3255 aliqua,
951 3181 983 3238 ιι
1007 3174 1040 3236 in
1069 3174 1160 3238 modo
1190 3176 1236 3239 ιο·
1321 3178 1383 3243 Sed
1398 3177 1463 3263 jam
1480 3178 1507 3240 si
1521 3177 1633 3257 placet,
1650 3173 1810 3239 Celsinum
1824 3173 2035 3254 inspiciamus.
2049 3173 2080 3237 Is
2092 3175 2149 3256 igi·

372 3297 487 3382 quendi
503 3295 608 3372 lapsos
624 3293 709 3360 dieite
740 3307 813 3354 nam
837 3290 954 3371 alioqui
981 3291 1105 3372 utrique
1133 3292 1236 3356 zelum
1281 3299 1330 3358 tur
1345 3294 1377 3358 in
1392 3295 1475 3356 libro.
1486 3293 1636 3356 aduersus
1648 3291 1812 3363 Gentilem,
1839 3291 1870 3352 in
1896 3289 2079 3354 reintalione
2094 3291 2147 3354 de·

372 3411 639 3489 bonum‚animnm
655 3408 822 3482 sincerum,
837 3413 869 3470 ιι
882 3407 975 3471 iidem
990 3415 1104 3471 rectam
1117 3409 1234 3476 tribuit.
1281 3412 1379 3478 eimau
1390 3411 1585 3494 protheseos,
1603 3423 1665 3471 non
1681 3413 1803 3470 veretur
1817 3407 1977 3470 Valentino
1992 3407 2146 3471 coneede-

373 3531 478 3594 doram
495 3543 564 3591 iero
576 3542 716 3591 caussam
733 3525 892 3602 tumultum
908 3529 940 3587 et
953 3524 1181 3604 tragoediarum
1201 3525 1238 3588 il-
1282 3547 1316 3594 ιι
1333 3543 1445 3594 nomen
1460 3524 1517 3588 liei
1536 3541 1618 3590 nere
1630 3519 1789 3607 ὺτιροχην,
1803 3521 1893 3596 idest,
1917 3535 1973 3600 per
1994 3522 2147 3588 excellen-

374 3648 405 3710 ιο
418 3654 556 3722 tempore
568 3643 765 3705 excitaturum
792 3640 824 3703 in
850 3641 1021 3720 Npiseopos
1046 3638 1235 3717 catholicos,
1283 3647 1356 3712 tiam
1372 3643 1524 3727 quandam
1540 3643 1599 3705 soli
1614 3639 1693 3705 Patri
1708 3638 1876 3702 attribuisse
1890 3638 1916 3700 si
1929 3643 2015 3717 paler
2029 3644 2078 3702 est
2092 3655 2148 3718 per

375 3764 511 3826 leonem
525 3760 667 3827 videlieet
682 3765 711 3821 et
726 3757 871 3838 cyrillum
883 3755 986 3831 reiert,
1014 3762 1046 3820 et
1075 3771 1114 3819 eo
1140 3773 1239 3838 nsque
1284 3760 1498 3828 exeellentimn
1513 3759 1609 3831 heus,
1625 3755 1780 3837 quomodo
1795 3769 1857 3818 non
1871 3753 1969 3834 major
1983 3760 2032 3818 est
2052 3753 2146 3818 Filio?

288 3864 291 3870 ’
375 3879 499 3942 tandem
513 3877 754 3957 progreditur‚ut
765 3876 848 3938 dieat
859 3873 957 3936 uereri
972 3889 1019 3948 se,
1036 3890 1075 3938 ne
1091 3875 1123 3938 in
1139 3882 1240 3939 exire·
1286 3881 1418 3944 llursum
1432 3876 1549 3944 ibidem
1565 3873 1704 3947 affirmat,
1721 3887 1784 3938 non
1800 3885 1869 3934 esse
1888 3869 2004 3934 ueritati
2029 3877 2146 3934 eontra·

376 4012 426 4060 mo
438 3993 554 4076 judicio
570 3994 663 4073 aliqui
678 3993 824 4056 haeretiei
841 3990 970 4054 sedeant
984 3991 1153 4071 judiees‚et
1167 3991 1240 4072 Epi·
1287 3996 1366 4060 riem
1379 3992 1564 4058 sententiam
1580 3990 1661 4054 illam
1675 3987 1916 4062 Gentilis,lieunr
1928 3985 2076 4056 babuisse
2090 3989 2147 4050 viru

374 4111 476 4192 scopi,
492 4127 545 4190 qur
557 4125 612 4173 eos
627 4109 659 4171 in
671 4107 817 4172 conciliis
832 4107 1063 4183 damnauerunt,
1094 4109 1127 4172 in
1141 4115 1239 4173 eeter-
1285 4111 1455 4197 generandi
1468 4111 1592 4186 lilium,
1615 4125 1651 4172 aa
1670 4105 1858 4187 propagandi
1887 4103 2033 4183 Spiritum
2062 4121 2148 4168 sanc.

375 4243 450 4292 num
463 4233 727 4308 pereanhtanlnm
743 4242 805 4287 non
820 4231 925 4304 aperte
940 4225 1238 4298 dieensNestorium
1286 4239 1361 4307 lum,
1378 4231 1448 4310 quia
1463 4227 1569 4291 voluit:
1592 4230 1623 4288 at
1646 4225 1743 4287 lieum
1764 4221 1888 4300 quidem
1915 4221 2069 4286 uolentem
2097 4241 2147 4303 ge·

376 4344 617 4424 etbutpehetem
633 4360 703 4406 eum
719 4341 838 4405 Christo
852 4341 977 4422 judiees
1004 4342 1135 4422 iutur0s3
1149 4359 1241 4408 sune·
1287 4349 1394 4412 nuisse
1410 4345 1533 4420 Filium,
1562 4357 1624 4406 nou
1639 4338 1773 4404 absurde
1796 4337 1917 4403 dieitur:
1944 4339 1999 4402 sed
2026 4339 2151 4418 genuis-

379 4469 427 4524 tos
441 4475 512 4522 sero
525 4458 670 4538 Cprillum
684 4465 715 4522 et
729 4459 864 4521 Leonem
894 4457 925 4520 iu
941 4466 1100 4525 aeternum
1126 4461 1241 4540 peritn-
1288 4479 1322 4528 se
1338 4462 1528 4543 uoluminis,
1546 4467 1576 4524 et
1590 4457 1672 4537 quod
1687 4455 1853 4520 absurdius
1868 4460 1926 4530 est,
1945 4456 2005 4516 sim
2027 4455 2150 4520 habuis·

379 4592 443 4640 ros.
459 4575 524 4638 Non
539 4575 710 4638 raeatmihi
726 4576 801 4638 bueo
817 4583 957 4655 portenta
985 4579 1151 4656 exagitare,
1184 4595 1243 4646 nee
1290 4598 1325 4646 se
1341 4578 1487 4663 gignendi
1501 4573 1692 4657 quiaroluit3
1704 4571 1774 4653 quis
1801 4586 1928 4652 quaeso,
1951 4589 2047 4636 saltus
2071 4575 2153 4638 diee-

380 4698 532 4771 estopus‚
550 4689 702 4770 cumipse
732 4708 787 4770 per
811 4692 935 4754 seselis
964 4701 1068 4772 aperte
1098 4695 1243 4760 clement.
1291 4705 1338 4764 ret
1352 4698 1368 4761 ι
1383 4697 1425 4760 ιιι
1446 4695 1474 4758 si
1496 4693 1605 4756 Nilinm
1632 4708 1722 4756 suum
1743 4691 1827 4754 Deus
1848 4695 2009 4770 propterea
2035 4693 2154 4771 genuit,

384 4809 482 4872 Unum
499 4815 613 4870 lantum
629 4808 751 4884 eddum3
766 4807 793 4868 si
808 4808 966 4872 Nestorius
987 4812 1086 4873 zelum
1117 4817 1176 4874 tam
1190 4813 1245 4876 bo·
1290 4815 1360 4896 quia
1372 4813 1479 4892 uoluit3
1495 4827 1558 4876 non
1573 4811 1664 4889 igitur
1679 4809 1856 4872 rneoessario
1871 4807 1988 4887 genuil3
2015 4821 2080 4870 non
2108 4817 2155 4872 est

384 4943 469 5001 num,
487 4933 517 4989 el
531 4926 667 4988 animum
683 4933 742 4988 tum
758 4927 912 4988 sincerum
930 4926 1047 4999 hebuit,
1064 4945 1129 5006 eur,
1154 4935 1187 4992 ut
1208 4931 1244 5012 E?
1291 4935 1384 5018 igitur
1397 4932 1492 4996 iilius
1507 4930 1586 4994 Patri
1599 4930 1748 5008 aequalis.
1771 4927 1845 4990 Nam
1866 4945 1926 5006 qua
1947 4928 2061 4990 ratione
2087 4926 2155 4992 lieri

384 5059 457 5122 eegr
471 5059 507 5103 us
522 5041 615 5104 reiert
630 5041 685 5104 lib.
700 5041 729 5104 l.
746 5061 815 5121 eap.
835 5043 863 5103 l.
879 5042 1023 5106 historiae
1038 5059 1125 5116 suae.
1143 5045 1246 5108 siren·
1292 5057 1405 5132 potest,
1422 5049 1519 5128 utqui
1537 5048 1633 5127 potuit
1645 5063 1711 5110 non
1724 5061 1809 5120 esse,
1826 5042 1964 5123 aequatis
1979 5042 2019 5104 sit
2041 5044 2085 5118 ei,
2102 5046 2154 5124 qui

388 5157 411 5220 ti
425 5157 564 5220 Nestorio
580 5157 714 5235 linguam
729 5165 819 5218 totam
835 5173 955 5222 sennes
971 5157 1118 5224 divinitus
1131 5159 1248 5226 immis·
1293 5165 1470 5232 neeessario
1486 5179 1611 5244 semper
1622 5163 1692 5226 esti

389 5277 415 5338 si
432 5283 492 5338 tam
506 5273 694 5338 horribiliter
708 5275 921 5338 corroserunt?
1337 5281 1427 5356 Quid.
1440 5282 1522 5359 quod
1538 5279 1569 5342 in
1586 5279 1664 5342 libro
1679 5277 1789 5342 eodem
1805 5275 1886 5340 idern
1897 5275 2039 5340 Calvinus
2054 5276 2153 5350 ailli-

429 5390 635 5454 Transeamus
650 5393 687 5454 ad
699 5392 982 5456 Neluuebtbooem.
1012 5391 1172 5472 Philippus
1188 5395 1249 5458 lle·
1297 5398 1371 5461 lium
1388 5411 1538 5477 personne
1553 5403 1698 5476 respeetu
1713 5409 1774 5458 nori
1791 5394 1848 5458 nisi
1875 5393 2041 5473 improprie
2067 5408 2151 5456 erea-

390 5507 558 5570 tenehtbon
572 5507 602 5570 in
618 5507 709 5574 Loeis
724 5507 940 5571 communibus
955 5525 1035 5570 auno
1046 5508 1133 5573 ιιιο
1148 5510 1249 5574 ιοοιοο
1298 5521 1395 5580 torem
1410 5513 1489 5577 eoeli
1505 5519 1536 5576 ιι
1549 5518 1649 5578 terrae
1664 5510 1825 5585 nominari,
1836 5511 1953 5574 Patrem
1969 5515 2066 5574 autem
2086 5525 2157 5589 pro·

392 5620 484 5683 editis
499 5623 551 5684 iol.
567 5624 597 5686 8.
614 5627 740 5690 Necesse
756 5633 812 5697 est,
829 5626 938 5705 inquit,
962 5627 1000 5690 in
1014 5625 1097 5689 i‘ite'o
1125 5628 1254 5708 aliquid
1298 5631 1382 5712 prio?
1396 5629 1478 5709 quod
1494 5627 1627 5708 quidest
1641 5628 1830 5706 aliud‚qnam
1845 5627 1953 5690 lilium
1970 5627 2111 5708 redigere
2128 5629 2160 5689 in

394 5755 460 5803 esse
476 5740 607 5801 divinoe
621 5750 771 5805 notreroe.
786 5743 820 5803 ιι
834 5758 954 5804 rursum
968 5743 1020 5805 iol.
1047 5742 1095 5806 lt).
1125 5744 1254 5808 Necesse
1302 5745 1441 5811 ordinem
1461 5761 1563 5810 rerum
1579 5743 1764 5811 ereaturam?
1786 5731 1879 5806 Estne
1895 5743 2160 5818 heddomadam,

396 5865 442 5920 eet
452 5857 491 5918 ιο
504 5853 623 5918 Christo
638 5857 786 5937 ntiquom
800 5875 866 5922 esse
880 5860 1029 5924 diuinum
1041 5869 1209 5924 moturum.
1219 5861 1255 5923 lit
1300 5879 1338 5928 un
1355 5863 1484 5942 prodere
1496 5878 1636 5928 emesam
1646 5861 1752 5924 Fidei?
1758 5859 1994 5940 patrocinemur
2010 5859 2164 5940 praeuari-

397 5973 430 6035 in
447 5973 524 6036 loeis
539 5976 610 6034 unni
622 5972 675 6050 ιι,
690 5975 743 6038 iol.
756 5977 806 6038 ³5.
836 5978 874 6042 de
890 5977 1005 6056 Spiritu
1030 5985 1135 6042 saneto
1164 5978 1254 6051 rerba
1300 5978 1380 6042 euri?
1395 5979 1580 6044 haeretiennr
1595 5977 1747 6052 refellere,
1764 5991 1801 6041 an
1818 5991 1887 6040 eum
1903 5991 1940 6040 eo
1962 5975 2104 6050 insaniet
2119 5977 2166 6040 lu·

400 6088 527 6153 iaciens:
546 6090 699 6166 Testetur,
715 6090 824 6171 inquit,
838 6110 899 6172 per
918 6094 1037 6158 loelem
1062 6093 1167 6171 Deus,
1190 6110 1258 6160 non
1304 6094 1395 6160 dere?
1411 6095 1585 6175 Quinquod
1598 6091 1713 6160 ibidem
1728 6094 1780 6170 ait,
1796 6094 1992 6174 impropriam
2008 6110 2044 6160 ae
2057 6093 2168 6160 durum
