4792 7009
447 735 503 798 loo
1073 737 1119 796 DE
1132 729 1272 796 ROHAHO
1286 733 1466 796 potaturus

376 870 493 946 dicere,
510 885 583 935 eum
595 868 636 935 de
651 871 750 945 coelo,
771 870 862 944 ideal,
878 889 895 935 a
912 871 970 934 rita
985 871 1112 936 coelesti
1128 871 1239 934 adter·
1285 867 1751 948 Quoetraesbotasmrmaqaus
1766 873 1795 930 el
1809 863 2157 938 sanetusqedararitlle·

374 969 451 1024 ram,
468 953 601 1028 boemi,
616 954 654 1016 ad
670 955 759 1018 ailam
775 961 926 1018 terrenam
949 955 1173 1018 et'deliciosam
1188 969 1239 1016 oe·
1284 949 1922 1034 liumpronusinterram,3.lleg.18.litlllii
1934 951 2158 1028 prophetarum

375 1035 501 1100 cidisse.
517 1034 658 1113 Denique
672 1037 740 1114 ipse
754 1053 878 1117 quoque
893 1037 1044 1100 lutherus
1059 1036 1240 1116 Gregorium
1288 1055 1358 1099 rum
1374 1036 1563 1100 audivissent
1578 1035 1764 1112 requievisse
1780 1035 1922 1110 spiritum
1938 1032 2046 1094 ileliae
2062 1048 2160 1112 super

373 1125 515 1183 sanetum
530 1119 707 1198 poutriioem
723 1119 817 1182 tuisse
833 1120 906 1182 dieit
917 1121 947 1182 io
960 1119 1092 1199 Suppul.
1107 1125 1238 1197 tempor.
1283 1119 1454 1188 Heliseom.
1471 1120 1666 1193 accedentes,
1684 1119 1905 1180 amnuerunt
1915 1131 1993 1180 eom
2004 1116 2110 1194 proni
2124 1117 2161 1178 ia

375 1206 405 1262 et
429 1201 598 1266 Lutberum
623 1210 773 1282 sequutus
788 1199 967 1264 Theodorus
982 1202 1161 1265 Bibliander
1176 1201 1237 1266 lab.
1284 1210 1418 1276 terram
1435 1203 1466 1264 l.
1481 1200 1557 1280 Reg.
1573 1199 1604 1263 2.
1620 1201 1657 1263 El
1668 1200 1831 1280 aposlolus
1848 1199 1958 1262 Paulus
1973 1197 2005 1260 iu
2019 1198 2158 1276 singulis

376 1283 426 1346 ld.
454 1283 598 1349 chronol.
621 1285 764 1348 eumdem
789 1283 967 1364 Gregorium
996 1286 1080 1348 miris
1096 1285 1240 1347 laudibus
1283 1281 2105 1366 lereaplstellsimploratoralionaschristianornm,
2125 1290 2157 1344 ut

374 1363 474 1440 effert,
500 1372 531 1428 et
555 1373 701 1445 quantum
727 1366 892 1448 profecerit
907 1367 938 1429 in
954 1367 1058 1430 studio
1073 1367 1193 1446 pietalis
1209 1373 1241 1429 el
1284 1385 1341 1447 per
1356 1385 1409 1430 ees
1424 1369 1572 1430 liberetur
1586 1383 1601 1426 a
1619 1368 1722 1430 meritis
1738 1365 1898 1444 perieulis.
1921 1363 1982 1426 Nee
1995 1365 2063 1425 ulla
2078 1363 2156 1428 ratio

374 1449 543 1518 doetrinae.
560 1465 598 1512 er
613 1450 700 1512 libris
712 1448 781 1530 ejus
793 1452 937 1527 cognosci
952 1466 1045 1528 posse
1057 1450 1142 1512 dicit:
1156 1449 1239 1529 qood
1284 1451 1371 1513 reddi
1387 1457 1499 1530 potesq
1516 1465 1571 1511 eur
1585 1451 1738 1514 minuatur
1754 1445 2084 1518 sancrosanctum,
2100 1447 2156 1510 sia

374 1545 451 1592 sane
466 1529 658 1594 rarissimum
671 1537 729 1594 cst:
747 1532 863 1610 spiram
877 1533 959 1596 enim
975 1534 1087 1612 scripta
1103 1532 1171 1612 ejus
1186 1532 1239 1594 ad·
1284 1538 1460 1596 sanctarum
1486 1531 1645 1612 spiritibus
1671 1533 1885 1610 postulemus,
1920 1536 1952 1591 ut
1977 1543 2036 1608 pro
2065 1529 2156 1592 nobis

374 1612 547 1679 durabilem
558 1615 759 1684 sanctitatem.
773 1610 834 1676 Nec
848 1619 948 1678 rninus
960 1631 1070 1680 canum
1083 1623 1141 1684 est,
1156 1614 1239 1694 quod
1284 1615 1379 1678 ileum
1395 1622 1507 1686 oront,
1524 1621 1555 1676 et
1568 1631 1630 1678 non
1647 1615 1800 1677 minuatur
1816 1659 1824 1688 ‚
1841 1613 1868 1676 si
1884 1611 1958 1676 illud
1973 1611 2062 1674 idem
2077 1629 2095 1674 a
2112 1613 2152 1674 ri·

373 1696 459 1756 addit
480 1695 518 1768 de
539 1695 623 1770 tauro
644 1699 727 1778 pulei
751 1697 831 1758 idern
848 1696 1026 1777 (lepresus,
1039 1713 1132 1776 quam
1147 1697 1240 1759 inter·
1286 1697 1428 1762 sentibus
1446 1697 1648 1777 postulemus.
1923 1711 1924 1718 ’

372 1782 509 1855 pretatur
529 1780 721 1856 corruptelas
742 1779 899 1842 doetrinae
921 1799 936 1841 a
959 1779 1104 1862 Gregorio
1119 1788 1150 1842 et
1164 1795 1236 1842 sue·
1324 1779 1464 1858 Denique
1490 1779 1523 1842 b.
1539 1776 1716 1842 Ambrosius
1742 1779 1831 1841 annis
1852 1777 1924 1840 200.
1950 1775 2112 1854 antiquior
2126 1795 2153 1840 s.

374 1859 553 1922 sessoribus
587 1860 619 1922 in
646 1861 816 1926 Ecclesiam
843 1862 1043 1925 introductos.
1073 1862 1238 1940 Gregorius
1284 1861 1431 1943 Gregorio
1447 1862 1518 1936 luit,
1536 1869 1566 1924 et
1581 1870 1680 1924 tamen
1696 1861 1727 1924 in
1744 1863 1798 1924 lib.
1817 1863 1856 1922 de
1871 1860 1930 1922 rid.
1947 1859 1986 1922 ila
2004 1859 2156 1938 loquitur.

373 1943 457 2004 enim
472 1942 546 2005 nibil
561 1944 690 2030 novavit
703 1946 783 2021 qnod
796 1946 949 2008 attinetad
963 1945 1142 2008 doctrinam}
1156 1944 1239 2024 quad
1287 1943 1482 2020 obsecranda·
1494 1952 1571 2008 aunt
1585 1944 1704 2024 angeli,
1721 1943 1882 2025 minabis
1893 1944 1938 2006 ud
1947 1943 2157 2022 praesidium

372 2039 446 2099 sero
461 2025 499 2086 ed
514 2025 590 2096 litos
605 2034 636 2088 et
650 2027 843 2104 disciplinam
860 2032 1002 2107 pertinet,
1028 2030 1122 2089 multe
1138 2043 1240 2090 corre·
1287 2029 1358 2090 dati
1368 2036 1456 2090 sunt:
1469 2029 1623 2110 Martyres
1635 2027 1837 2100 obsecrandi,
1852 2041 1992 2107 quomam
2002 2026 2157 2087 uidemur

372 2114 416 2171 xit
441 2123 520 2186 quae
546 2124 601 2185 per
624 2109 755 2173 abusum
780 2111 976 2189 irrepserant,
1000 2112 1091 2172 multa
1108 2110 1240 2172 restituit
1282 2111 1375 2174 nobis
1400 2112 1569 2192 quoddam
1598 2111 1741 2189 eorporis
1764 2109 1901 2188 piqoor'a
1928 2107 2157 2186 potr-ocimum

373 2205 453 2264 quac
469 2188 655 2270 negligentia
669 2199 838 2274 temporum
852 2194 1009 2255 obliterata
1022 2192 1151 2264 luerent,
1167 2210 1240 2269 prau-
1282 2195 1464 2256 oindicore.
1482 2191 1518 2253 Et
1534 2193 1608 2254 inira
1626 2213 1633 2254 :
1650 2193 1728 2256 iiten
1743 2193 1970 2256 erubescemus
1985 2206 2040 2252 eos
2054 2191 2157 2252 inter·

308 2353 311 2358 ¹
371 2288 407 2333 ca
423 2271 599 2341 admodum,
614 2292 714 2353 eaque
731 2283 847 2338 erratura
863 2278 992 2337 errrrsilto
1009 2277 1137 2338 instituit
1150 2292 1240 2350 nora,
1283 2292 1422 2339 cessores
1436 2282 1566 2339 nostroe
1580 2274 1779 2356 infimitatis
1794 2273 1947 2338 adbibere
1962 2281 2023 2336 ete.

374 2361 408 2415 ul
433 2358 579 2433 cognosci
606 2364 717 2435 potest.
744 2364 806 2418 tum
831 2377 866 2419 es
883 2358 970 2421 libris
983 2367 1112 2436 quatuor
1127 2360 1165 2420 de
1180 2359 1240 2422 rita
1326 2359 1417 2422 Porro
1433 2361 1470 2421 ed
1487 2365 1602 2422 statuas
1617 2361 1793 2420 sanatorum
1810 2405 1817 2424 ,
1842 2359 1877 2418 ad
1894 2355 2066 2418 memorias
2082 2369 2156 2416 mar·

371 2435 484 2512 ipsius.
511 2455 527 2498 a
552 2438 672 2502 Joanue
697 2441 829 2502 iliaeono
855 2443 992 2518 seriptis.
1016 2447 1077 2502 tum
1092 2457 1128 2504 ex
1144 2442 1240 2518 epist.
1283 2447 1384 2522 tyrum
1401 2488 1409 2514 ‚
1426 2449 1457 2504 el
1471 2447 1591 2504 caetera
1607 2445 1804 2504 monumento
1826 2442 1970 2519 religiosa
1988 2454 2052 2501 uou
2072 2437 2157 2499 aliter
2205 2513 2206 2520 ἶ

373 2519 444 2596 eius
459 2518 509 2584 oo.
537 2520 593 2584 lib.
610 2521 639 2582 l.
666 2524 719 2584 ubi
736 2523 883 2584 rationem
906 2524 1005 2585 reddit
1020 2524 1143 2594 rituum,
1160 2539 1239 2601 quos
1284 2526 1448 2602 alligamus
1464 2524 1579 2588 cultum
1595 2531 1625 2586 et
1641 2525 1864 2584 invocationem
1880 2531 1995 2598 ,quem
2012 2520 2155 2598 alligare·
2205 2543 2206 2614 ι

371 2602 539 2676 renovarit,
556 2605 605 2666 rel
619 2603 760 2668 instituit.
776 2605 836 2668 Sed
846 2605 979 2669 maxime
991 2605 1049 2668 boc
1060 2607 1161 2684 ipsum
1175 2607 1240 2685 pla·
1283 2609 1322 2668 rit
1337 2607 1408 2668 olim
1425 2606 1507 2668 Deus
1522 2608 1558 2669 ad
1575 2607 1793 2671 sanctuarium.
1810 2606 1873 2666 sire
1890 2604 1925 2664 ad
1940 2605 2095 2683 templum
2108 2601 2156 2663 Sa·
2177 2657 2181 2687 ,

371 2697 447 2746 rrum
462 2681 525 2760 ssot,
543 2686 569 2746 si
585 2702 800 2766 percurramus
821 2689 919 2766 ipsam
935 2689 1112 2750 antithesim
1127 2689 1238 2751 doetri-
1284 2689 1429 2753 lomonis.
1454 2687 1517 2750 lilsi
1533 2691 1614 2752 eninr
1631 2689 1745 2768 ubique
1767 2687 1850 2750 Deus
1872 2703 1936 2764 neq
1950 2688 2037 2748 audit
2054 2733 2062 2760 ,
2082 2690 2112 2746 et
2127 2684 2179 2746 ine

371 2780 430 2828 nee
443 2767 640 2847 evangelicae
651 2775 682 2832 et
692 2769 877 2849 pontificiae,
887 2787 978 2850 quern
990 2770 1159 2852 otrqrraeas
1170 2787 1241 2851 pro·
1283 2771 1367 2833 omni
1384 2773 1452 2833 loeo
1465 2772 1565 2834 terere
1577 2787 1744 2850 possumus
1756 2787 1866 2833 marrus
1878 2770 1913 2830 ad
1929 2769 2038 2846 ileum3
2053 2775 2155 2830 minen

371 2851 471 2941 pontt,
488 2855 519 2910 el
533 2850 570 2912 ad
585 2867 678 2934 quam
693 2856 817 2934 saepius
832 2860 939 2934 postea
954 2854 1085 2918 lectores
1101 2871 1176 2918 suos
1190 2870 1239 2919 re·
1283 2871 1345 2916 nun
1361 2853 1429 2916 sine
1444 2870 1565 2926 caussa,
1583 2855 1712 2933 Spiritus
1728 2861 1853 2916 sanctus
1864 2853 1943 2930 apud
1957 2851 2074 2914 isaiam
2088 2865 2154 2928 cap.

372 2932 475 3004 mittit.
491 2931 541 2995 διο
555 2933 648 3015 igilur
662 2935 714 3004 eir.
1284 2936 1334 3000 56.
1352 2944 1382 2999 et
1397 2933 1536 3001 Cluistus
1552 2938 1753 3016 spud‘llattb.
1771 2953 1839 3012 cup.
1857 2935 1908 2996 et.
1922 2933 2088 3014 Templum
2102 2932 2155 2994 llei

662 3032 665 3038 ’
729 3071 733 3076 .
1285 3020 1409 3080 domum
1425 3019 1573 3082 orationis
1587 3027 1749 3082 recerunt:
1768 3035 1826 3081 nee
1841 3018 1909 3078 siue
1925 3033 2034 3079 caussa
2051 3015 2154 3096 piissi-

791 3100 818 3165 Ι.
939 3134 941 3141 -
1284 3117 1357 3163 mus
1369 3103 1534 3180 imperetur
1549 3103 1741 3165 Theodosius
1763 3101 1774 3178 t
1790 3106 1822 3162 ut
1837 3101 1959 3162 interim
1974 3099 2109 3176 plurima
2127 3115 2156 3159 a·

377 3245 382 3254 .
1283 3183 1323 3246 lia
1339 3186 1527 3264 antiquitatis
1542 3187 1679 3264 exempla
1697 3182 1906 3262 praeteream)
1919 3181 2074 3244 circuibat
2084 3199 2155 3243 cum

431 3337 434 3342 ¹
466 3261 511 3324 De
524 3278 603 3327 earo
617 3263 675 3329 Det
689 3267 867 3345 apellione,
885 3273 914 3329 et
927 3267 1142 3332 inuocatione.
1286 3265 1498 3334 sacerdotibus
1513 3273 1544 3330 et
1560 3269 1673 3345 populo
1689 3271 1789 3329 omnia
1803 3267 1974 3328 arationum
1989 3267 2071 3340 loca,
2086 3271 2155 3326 eme

374 3364 378 3369 ·
1233 3340 1240 3359 ’
1284 3355 1448 3428 martyrum
1461 3357 1492 3412 et
1502 3351 1709 3428 apostulorum
1725 3351 1830 3412 lbcces
1839 3347 2073 3429 jacebateilieio
2088 3361 2156 3428 pro·

414 3423 616 3506 Euangeliou
628 3430 845 3507 doeeqaaam
855 3432 961 3494 aetum
972 3431 1239 3495 Deuminoaean·
1285 3437 1411 3502 stratus,
1427 3438 1458 3493 et
1473 3432 1583 3498 auxilia
1598 3433 1656 3494 sibi
1670 3433 1729 3497 dds
1742 3441 1914 3495 sanatorum
1926 3429 2156 3494 intercessione

371 3508 453 3571 done
467 3516 496 3571 et
510 3510 683 3575 colendum
697 3529 775 3584 osae,
791 3516 874 3576 stem
894 3531 929 3577 se
942 3516 979 3576 tn
993 3530 1051 3576 ooo
1065 3514 1160 3577 uerbo
1176 3516 1240 3578 eoli
1283 3513 1444 3590 poscebat.
1467 3513 1605 3578 steens
1626 3515 1820 3578 Theodosius
1837 3559 1845 3585 ,
1868 3514 1919 3592 qui
1936 3511 1995 3576 boo
2011 3513 2077 3592 egit
2093 3559 2102 3588 ‚
2126 3517 2156 3576 et

367 3594 546 3672 praecepit,
573 3599 602 3655 et
616 3611 746 3658 omnem
758 3594 916 3673 Muciam
928 3597 1043 3659 salatia
1057 3603 1188 3661 neutrae
1201 3600 1239 3661 ia
1283 3593 1421 3658 Rrrfliues
1437 3643 1446 3672 ‚
1464 3597 1516 3677 qui
1533 3597 1591 3660 boe
1606 3597 1714 3662 scribit
1732 3599 1788 3660 lib.
1805 3597 1835 3660 2.
1853 3596 1926 3658 bist.
1941 3594 2067 3659 Eccles.
2084 3611 2154 3674 cap.

322 3682 324 3685 ’
369 3673 441 3737 soto
465 3673 604 3738 deodate
619 3681 661 3745 et
682 3679 909 3742 misericordia
933 3677 991 3746 oea·
1014 3680 1240 3744 collocandam
1285 3676 1337 3740 33.
1355 3677 1386 3741 S.
1404 3677 1583 3760 Gregoriom
1598 3680 1688 3744 onais
1703 3681 1800 3744 terme
1815 3679 1957 3742 ducentis
1975 3693 2155 3758 praeeesse·

370 3770 449 3821 esse.
472 3755 635 3834 Postiliott
651 3758 779 3836 iubent,
805 3777 875 3825 noa
888 3762 1240 3827 anamaotameemm
1283 3767 1367 3827 runt.
1787 3789 1788 3792 ¹

370 3835 487 3910 Deam
513 3843 570 3903 sed
592 3842 691 3904 etiam
704 3844 849 3907 immines
864 3852 1018 3911 mortuos.
1039 3853 1239 3909 sarasarretoe
1360 3863 1366 3872 ·

371 3922 537 3990 tncoeere.
555 3928 585 3986 et
597 3926 799 4004 sape-naus
811 3928 1239 4010 apemeraamoamperera
1701 3927 1742 3990 ll·

371 4009 402 4067 ot
416 4011 589 4083 aspectare
601 4014 660 4071 ete.
669 4007 791 4072 Deinde
804 4012 913 4082 ettam,
924 4010 1026 4088 mone
1038 4011 1164 4074 atlanteo
1175 4028 1243 4074 mo
1544 4021 1550 4028 '
1617 4014 1621 4022 ’

370 4100 419 4163 re,
446 4087 585 4167 admont
609 4091 1029 4156 taeacaooaemerealtam
1043 4092 1243 4158 Deiadeer·
1575 4113 1579 4129 ·

370 4177 421 4230 tas
435 4175 572 4244 statuas,
588 4176 734 4252 perinde.
744 4191 784 4236 ac
798 4175 828 4237 sl
840 4176 884 4236 od
895 4175 992 4241 bone.
1006 4176 1169 4239 quodiam
1179 4184 1244 4239 sto·
1467 4175 1512 4240 De
1526 4135 1619 4257 officio
1633 4179 1664 4239 et
1687 4172 1847 4255 beneficiis
1863 4171 1988 4237 Christi.

370 4255 656 4395 ιιῖιὶιιιιιιοοοαιιιι,
684 4257 886 4337 Demmoqis
897 4258 1126 4338 properteam,
1143 4275 1245 4340 qaam
1564 4247 1586 4296 ¹*

372 4351 419 4398 αι
439 4352 464 4397 a.
1516 4371 1523 4382 .

412 4413 561 4492 Quoniam
577 4417 616 4481 de
630 4419 680 4482 bis
694 4423 922 4496 caduniensis,
940 4439 1019 4504 quae
1041 4425 1074 4485 in
1090 4423 1147 4485 bae
1162 4424 1240 4486 enti·
1325 4426 1531 4506 decapolim
1541 4423 1642 4496 docet,
1654 4421 1971 4503 propteraaicumet
1981 4421 2090 4484 solaria
2099 4422 2150 4484 lt·

377 4497 459 4561 thesi
487 4503 684 4579 attinguntur,
713 4520 769 4566 nos
792 4505 864 4566 alibi
880 4508 1006 4584 copiose
1022 4506 1237 4584 disseruimus
1285 4506 1368 4570 lium
1382 4510 1439 4585 bei
1452 4503 1788 4572 oamaaaaaoermm
1797 4503 1905 4567 lesam
1919 4503 2079 4567 Cbm'attrm
2092 4521 2151 4583 pro

370 4579 423 4644 bic
438 4582 537 4644 solum
550 4583 731 4648 brevissime
745 4587 1039 4656 demonstrabimus,
1052 4605 1237 4684 neopugna·
1283 4590 1378 4653 orabis
1392 4591 1589 4670 mueifipom
1604 4633 1612 4662 ‚
1638 4597 1804 4652 mortuom
1819 4635 1828 4651 .
1856 4592 1885 4650 ct
1898 4589 2128 4652 resuscitatum
2142 4635 2151 4661 ‚

371 4679 410 4759 ιο,
421 4676 492 4727 eum
506 4665 599 4728 serbo
614 4665 680 4741 bet.
698 4685 756 4733 nec
770 4673 913 4746 coepisse
929 4679 1067 4750 tempore
1082 4688 1108 4733 a.
1126 4672 1238 4751 Grego-
1284 4674 1397 4752 pratu.
1414 4685 1483 4736 noo
1496 4677 1628 4752 propter
1641 4672 1712 4734 alta
1725 4678 1838 4734 nostro
1851 4685 1960 4749 opero¹
1978 4673 2037 4731 out
2056 4671 2152 4732 meri·

372 4761 411 4840 ru
437 4763 504 4810 earn
529 4747 712 4826 doctrinam,
728 4767 805 4830 quae
820 4771 837 4814 a
854 4752 1003 4834 betraeo
1019 4753 1172 4835 pontideie
1185 4771 1240 4817 no·
1285 4763 1330 4826 ta,
1345 4755 1439 4818 nobis
1449 4755 1671 4818 remissionem
1681 4759 1898 4834 peccatricum.
1912 4765 1939 4813 ei
1950 4752 2090 4814 saltuem
2102 4768 2152 4814 ae·

370 4837 515 4891 mtnolur·
1286 4844 1414 4900 temam
1429 4840 1558 4902 donari.
1575 4837 1615 4899 lor
1629 4839 1760 4916 quidem
1776 4837 1862 4898 laune
1873 4834 1974 4897 sullae
1985 4835 2043 4896 nes
2053 4833 2152 4896 borao·

412 4911 702 4992 Igiturrerbumllei
715 4913 947 4996 docetquidem,
960 4936 1056 4981 unum
1069 4919 1168 4982 solum
1181 4917 1238 4980 lle·
1284 4935 1356 4983 rem
1378 4923 1550 5002 propriam
1574 4935 1641 4982 esse
1659 4967 1665 4988 .
1681 4926 1719 4982 at
1743 4919 1863 4982 dieder
1883 4918 1990 4978 Isaiae
2004 4916 2058 4980 lb.
2085 4918 2151 4994 ltqa

372 5009 424 5058 um
436 4995 601 5061 colendum
614 5003 645 5058 et
657 4999 909 5073 iuroeandom‚ea
921 5001 1112 5064 invocatione
1125 5009 1156 5064 et
1167 5003 1239 5062 ado·
1285 5019 1358 5064 sum
1375 5050 1382 5076 ,
1399 5020 1456 5083 epo
1469 5005 1625 5081 semipes
1643 5050 1650 5069 .
1667 5003 1726 5082 qui
1739 5003 1828 5064 deleo
1843 5001 2045 5075 miqatmles.
2063 4999 2152 5074 item,-

370 5078 499 5151 ratiooe,
523 5094 602 5157 quae
626 5081 684 5142 soli
710 5081 772 5142 beo
784 5081 935 5146 debetur:
960 5100 1016 5146 nec
1032 5086 1113 5146 enim
1129 5085 1241 5163 patitur
1285 5085 1354 5151 oon
1368 5093 1414 5148 est
1427 5088 1465 5150 in
1479 5087 1589 5166 aliquo
1605 5085 1671 5148 alio
1685 5085 1786 5145 salus.
1798 5081 1961 5158 Pontificio
1971 5089 2088 5144 ceretro
2098 5086 2151 5144 do·

371 5158 455 5222 Deos
472 5176 576 5232 rems,
593 5161 646 5240 qui
661 5170 709 5225 est
723 5165 812 5226 etiam
828 5165 910 5228 bens
925 5166 1056 5232 zelotes,
1074 5173 1106 5247 ut
1122 5174 1239 5228 erealu·
1285 5177 1440 5247 nunquan
1452 5177 1582 5247 propter
1595 5169 1695 5229 soltus
1713 5165 1828 5229 deciate·
1841 5164 2065 5233 meriturused
2072 5181 2150 5243 por·

370 5257 435 5304 rem
452 5243 619 5336 quamlibet
635 5255 843 5323 procreatore
860 5249 1038 5327 habeamus.
1054 5247 1180 5310 Interim
1196 5255 1238 5311 ta·
1285 5254 1342 5313 um
1360 5260 1492 5330 propter
1519 5250 1676 5314 Christum
1694 5295 1701 5324 ‚
1717 5250 1838 5328 partim
1860 5255 1994 5327 propter
2006 5257 2153 5312 nostram

370 5339 443 5405 meu
471 5326 553 5388 idem
581 5327 685 5405 ipsum
709 5330 834 5392 neroum
854 5332 909 5393 bei
922 5333 1022 5474 'apost
1036 5339 1069 5392 ut
1084 5337 1238 5394 creaturas
1285 5336 1520 5396 castrationem.
1535 5341 1564 5395 et
1579 5332 1866 5402 obaedienliomsoo
1880 5330 1967 5394 botta
1981 5346 2151 5410 operarios

372 5407 607 5473 excellentiores
630 5410 827 5486 honoremus.
845 5430 923 5492 quas
943 5430 993 5496 em
1008 5411 1099 5476 adam
1117 5415 1239 5478 invoce-
1284 5415 1472 5499 jarslilieari,
1490 5424 1519 5478 et
1533 5415 1638 5478 saluos
1651 5415 1725 5496 fieri
1739 5422 1797 5477 ete.

372 5507 454 5562 mue,
484 5506 544 5553 non
560 5493 684 5572 quidem
700 5501 732 5555 ut
746 5493 839 5568 deos,
855 5497 911 5559 sed
926 5504 960 5558 ut
973 5497 1036 5559 lteo
1051 5511 1136 5558 aeras
1152 5503 1183 5558 el
1197 5497 1240 5558 la·
1326 5499 1387 5560 lton
1406 5501 1463 5561 boe
1476 5499 1568 5560 babet
1580 5500 1727 5560 eallioltea
1740 5495 1925 5571 doetrina‚ut
1938 5497 2049 5574 partim
2062 5511 2153 5574 prop·

372 5573 520 5636 miliares.
550 5573 814 5651 Quemadmodum
840 5594 932 5657 reges·
958 5579 1089 5640 moleste
1112 5579 1240 5656 quidem
1282 5587 1330 5644 ter
1345 5579 1497 5644 Christum
1512 5628 1520 5652 ,
1537 5582 1643 5660 partim
1661 5585 1786 5658 propter
1800 5593 1892 5658 operu
1908 5595 1963 5640 sua
1977 5577 2151 5657 iustifican-

371 5655 498 5724 ierrent,
524 5657 550 5718 si
578 5659 680 5737 regios
703 5660 836 5723 bonores
852 5664 882 5722 iu
897 5677 1003 5723 servos
1016 5679 1091 5725 suos
1106 5661 1239 5724 conferri
1286 5671 1334 5726 tur
1350 5670 1538 5742 peccatores,
1557 5667 1643 5742 quest
1661 5667 1753 5725 etiam
1769 5661 1836 5723 sine
1851 5659 1971 5727 Christo
1984 5663 2050 5742 ipsa
2075 5677 2153 5735 ope·

299 5785 301 5789 .
372 5737 520 5800 uiderent:
534 5739 586 5817 qui
601 5741 838 5817 temeolibenter
852 5745 1017 5821 raecipiunt.
1028 5762 1098 5806 cum
1111 5746 1238 5806 eosdem
1286 5763 1316 5807 ru
1333 5747 1639 5828 aliquidmereanlur
1656 5762 1663 5806 :
1688 5744 1840 5822 siquidem
1856 5743 1910 5804 tria
1932 5743 2153 5823 distinguimus

373 5836 447 5883 suos
458 5837 565 5882 servos
578 5820 721 5886 honorari
734 5826 925 5890 etobservari
939 5828 1145 5906 conspiciunt:
1158 5827 1237 5889 Ado·
1285 5845 1412 5908 opemm
1429 5846 1554 5907 genera.
1572 5828 1792 5889 Unum'rorom
1812 5873 1818 5890 .
1836 5843 1915 5906 quae
1930 5825 2006 5889 liunt
2022 5842 2058 5888 οιι
2075 5827 2154 5890 solis

370 5910 452 5976 rote,
478 5903 580 5981 lnquit
603 5903 696 5978 David
720 5908 749 5967 in
767 5911 844 5983 psal.
861 5907 915 5978 98.
928 5909 1105 5974 scabellum
1116 5910 1241 5988 pedum
1286 5911 1402 5974 riribos
1420 5917 1556 5982 naturae,
1573 5911 1642 5972 sine
1668 5907 1730 5970 lide
1746 5916 1776 5971 et
1792 5911 1885 5985 gratia
1903 5909 1955 5970 Del
1972 5955 1979 5974 .
1997 5915 2028 5970 el
2044 5909 2086 5970 de
2101 5907 2154 5970 bis

372 5981 452 6062 ejus.
467 5975 571 6050 orreo
583 6003 652 6068 cap.
666 5987 703 6049 5:
725 5989 814 6059 Voce.
829 5993 938 6071 inquit.
951 5993 980 6054 st
991 6002 1034 6054 est
1046 5993 1105 6071 qui
1120 5991 1179 6054 tibi
1189 6007 1238 6054 re·
1285 6000 1388 6074 aperte
1405 5993 1643 6072 pronunciamus
1661 6008 1730 6054 eum
1747 5993 1898 6070 apostolo.
1915 5993 1985 6068 quia
1998 6007 2035 6053 οι
2049 5989 2156 6068 operi·

371 6067 538 6162 sirriadeuq
557 6076 586 6131 et
600 6072 645 6132 od·
668 6070 812 6151 altrea-em
832 6084 1021 6145 annulorum
1043 6080 1237 6142 conuertere.
1284 6074 1343 6139 bus
1359 6093 1419 6140 rrnn
1433 6075 1616 6156 justificatur
1633 6077 1723 6140 Ιιοιιιιι
1739 6122 1745 6148 ,
1764 6077 1817 6138 sed
1832 6091 1868 6138 ex
1883 6073 1962 6150 tide,
1981 6081 2010 6138 et
2025 6078 2050 6137 si
2068 6091 2108 6136 οι
2122 6087 2155 6134 e·
2205 6115 2206 6136 ι
