4792 7009
294 807 298 812 ,
988 729 1081 788 uuna
1100 727 1273 788 monacus
1895 723 1947 778 toa

256 865 300 925 rit
311 861 644 944 l‘tariauusepiscapus
658 863 946 943 constantinopolis,
963 871 996 929 ut
1009 862 1119 928 scribit
1163 862 1215 927 59.
1239 863 1278 926 nd
1292 877 1381 926 conc.
1396 859 1536 926 chalced.
1559 859 1677 932 scribit,
1703 875 1738 924 sc
1763 857 1926 936 concilium
1943 857 2019 921 illuri
2128 931 2130 936 ,

256 947 416 1010 Liberatus
431 947 462 1006 iu
476 944 563 1008 ltrer.
580 963 649 1027 cap.
668 949 716 1010 ll.
742 949 779 1010 ad
796 947 938 1012 eumdem
954 947 1120 1028 appellarit
1162 948 1349 1027 approbasse
1365 947 1464 1006 sotum
1480 951 1624 1021 quantum
1636 944 1673 1006 ad
1686 943 1918 1023 explicationem
1933 942 2018 1004 littei.

256 1028 489 1106 Ttteodoretus,
507 1035 540 1092 nt
554 1046 592 1093 cr
613 1030 742 1113 epistola
770 1031 840 1112 ejus
860 1032 897 1093 ad
913 1030 1049 1094 Leonem
1063 1045 1116 1109 ap·
1160 1024 1409 1092 lltLiheratusin
1439 1029 1525 1090 ltrer.
1558 1043 1626 1105 cap.
1649 1027 1699 1088 ta.
1716 1031 1866 1101 testatur,
1894 1027 1969 1088 istos
1985 1051 2014 1076 1·-

261 1118 362 1192 paret.
998 1140 1002 1147 ⁴
1163 1125 1256 1175 muas
1271 1127 1406 1175 canonos
1418 1112 1598 1174 constitutos
1610 1108 1707 1172 luisse
1719 1107 1898 1171 absentibus
1910 1108 2018 1186 legatis

298 1195 370 1256 Post
383 1202 496 1256 aunum
511 1193 584 1256 500.
600 1196 765 1276 Gregorius
786 1196 840 1258 lib.
853 1192 884 1258 2.
901 1196 992 1274 epist.
1007 1196 1038 1261 d.
1056 1192 1119 1274 pri·
1161 1209 1280 1276 papae,
1297 1194 1350 1274 qui
1365 1199 1465 1256 tamen
1493 1192 1606 1274 alioqui
1635 1191 1765 1254 concilio
1792 1191 2018 1270 praesidebam.

256 1283 307 1338 rat
322 1293 406 1339 sacra
422 1278 639 1344 cctnmuuione
652 1276 801 1341 loannem
827 1280 1011 1358 episcopum
1029 1293 1119 1358 grae·
1160 1277 1253 1340 Porro
1268 1277 1556 1358 consuetudo,qnae
1572 1281 1619 1337 est
1631 1275 1732 1354 legum
1746 1275 1910 1351 interpres,
1930 1289 2018 1350 aper-

256 1377 327 1421 curn
341 1359 455 1438 primae
465 1359 751 1436 iustinianae,uuod
758 1360 1119 1442 judicassetepiscopnar
1162 1359 1382 1422 tissimedocel
1398 1403 1406 1434 ,
1424 1375 1579 1436 nunquam
1605 1358 1730 1420 licuisse
1755 1357 1794 1419 ad
1819 1356 2019 1436 patriarcham

256 1442 499 1521 thehauutu,qui
513 1444 550 1504 ad
566 1443 764 1521 apostoticam
777 1444 884 1506 sedem
898 1444 1116 1522 appellaverat.
1161 1441 1524 1524 constantinopolitanum
1541 1439 1774 1522 appellare,nlsl
1795 1453 1833 1502 cx
1857 1437 1934 1500 locis
1946 1439 2019 1497 sutr-

257 1523 371 1591 0mttto
386 1525 590 1603 posteriorum
606 1531 777 1604 temporum
792 1525 1066 1604 testimoniaqnod
1081 1539 1119 1586 ea
1158 1523 1253 1605 jectis
1282 1523 1383 1586 eidem
1405 1517 1592 1602 patriarchae
1610 1541 1619 1584 ε
1650 1522 1768 1585 nullum
1793 1519 1877 1584 enim
1893 1519 2019 1614 proferri

255 1608 296 1668 ab
313 1606 476 1669 hareretic'ls
491 1614 735 1670 contemnantur.
769 1608 829 1670 Sed
853 1608 918 1685 jhm
941 1613 1120 1688 argumenta
1165 1615 1266 1686 potest
1280 1606 1466 1686 exemplum,
1483 1621 1544 1684 quo
1561 1605 1832 1684 irttettigamus‚ex
1847 1603 2028 1675 occidente,

258 1690 409 1752 solrenda
423 1696 507 1764 sunt,
523 1689 594 1765 Nili,
610 1691 737 1771 lllyrici,
755 1689 889 1754 Caluini.
1161 1695 1214 1752 aul
1228 1689 1370 1762 meridie,-
1386 1695 1438 1753 aut
1452 1687 1540 1750 etiam
1557 1688 1766 1766 septentrione
1788 1687 1827 1750 ad
1841 1686 2020 1748 orientalem

357 1800 360 1808 ·
1165 1771 1337 1833 Ecclesiam
1359 1772 1643 1852 esscappellatum.
1718 1775 1721 1784 ⁴

580 1851 697 1918 CAPUT
711 1856 807 1918 xxti.
906 1928 910 1943 ,
1203 1851 1304 1916 'lertio
1320 1871 1328 1914 ε
1342 1850 1462 1915 etiamst
1484 1855 1738 1948 concederemus,
1751 1856 1863 1946 exicio
1872 1849 1947 1914 orbe
1959 1855 2024 1911 ter·

185 2040 186 2071 .
257 1937 2024 2099 δοοοονοοοοοοοοοοαοοοοοο·1111111111ἑὲ1112113111.3111111111ῧῖ

298 2102 382 2164 ltilus
394 2102 425 2163 in
439 2103 495 2166 lih.
509 2104 549 2164 dc
564 2101 654 2179 prim.
681 2097 804 2164 dnonas
831 2101 1019 2181 argumentis
1047 2117 1121 2164 cort·
1162 2111 1258 2174 retur,
1284 2117 1386 2178 parem
1402 2117 1473 2163 esse
1486 2117 1557 2164 eum
1572 2100 1757 2178 episcopum
1773 2097 1907 2178 pontillci
1923 2115 2021 2160 roma·

260 2185 372 2256 tendit,
389 2201 482 2263 posse
503 2187 541 2248 ad
554 2185 734 2263 episcopum
755 2185 1123 2262 constantinopolitanum
1163 2201 1216 2246 no.
1232 2185 1303 2246 liam
1318 2200 1356 2246 etr
1371 2184 1397 2246 ri
1410 2184 1538 2245 canonis
1550 2183 1642 2248 istius,
1654 2181 2023 2254 chalcedonensis,solum

261 2269 409 2346 appellari
424 2283 463 2330 eo
476 2270 582 2342 modo,
598 2283 661 2346 quo
682 2266 720 2328 ad
735 2282 895 2330 romanum
919 2266 1097 2346 pontificem
1111 2285 1120 2344 3
1157 2267 1579 2348 judicarepotestcpiscopus
1591 2263 1942 2342 constantinopolitanus
1953 2278 2021 2339 eos,

255 2365 294 2412 ac
308 2350 436 2428 proinde
449 2367 504 2414 eos
519 2367 590 2414 esse
604 2351 764 2430 aequales,
782 2355 812 2411 et
829 2367 892 2412 non
913 2365 1009 2412 unum
1021 2367 1122 2414 roma·
1163 2349 1218 2429 qui
1235 2352 1334 2412 laesos
1349 2363 1383 2411 se
1399 2349 1584 2410 arbitrantur
1608 2367 1624 2410 a
1646 2347 1876 2424 metropolitano
1902 2361 1971 2422 sn03
1989 2351 2023 2406 att

258 2449 332 2494 num
349 2433 524 2510 pontiileem
541 2433 595 2494 toti
609 2432 766 2495 Ecclesiae
775 2433 976 2510 praesidere·
1165 2449 1244 2511 papa
1260 2449 1404 2494 romanus
1416 2429 1555 2510 Judicare
1572 2435 1672 2508 potest
1687 2431 1777 2492 etiam
1792 2443 1858 2502 cos,
1882 2427 1933 2506 qui
1946 2427 2021 2490 laesi

306 2515 524 2593 Argumentum
539 2517 673 2578 Pontum
688 2520 747 2578 est.
770 2513 962 2588 Quoniamd.
984 2514 1122 2594 synodus
1164 2521 1236 2577 sant
1250 2533 1267 2576 a
1282 2513 1462 2594 patriarchis
1478 2513 1565 2591 ipsis,
1589 2513 1635 2574 rel
1661 2531 1677 2573 a
1700 2511 1832 2574 conuitio
1862 2511 2023 2590 episcopo·

259 2597 416 2660 concessit
435 2600 584 2678 episcopo
598 2598 930 2676 constantinopoliano
952 2599 1032 2676 paria
1061 2598 1122 2675 pri·
1162 2613 1243 2672 rum,
1261 2598 1397 2678 quamvis
1414 2597 1543 2658 maximo
1559 2601 1590 2658 ct
1604 2594 1865 2674 frequentissimo,
1893 2599 1924 2654 ot
1936 2593 2025 2656 ltlta·

258 2679 369 2758 attegia
385 2698 456 2742 cnm
468 2682 506 2743 iis
521 2695 600 2760 unae
615 2679 708 2742 hahet
719 2681 885 2759 episeopus
899 2679 1121 2742 romanusSed
1165 2681 1255 2751 uasti,
1273 2678 1370 2754 Pauli,
1386 2678 1606 2758 chrysostomi,
1632 2678 1765 2742 Flauiani
1795 2682 1825 2740 et
1838 2675 2023 2740 Theodoreti

262 2758 549 2840 ltocargumeuturtt
565 2779 657 2840 supra
687 2771 733 2824 est
762 2763 961 2824 contutatum.
986 2765 1121 2824 atterum
1165 2763 1306 2841 exempla
1324 2763 1491 2824 declarant.

185 2844 186 2887 t
255 2853 473 2924 argumentum
502 2847 597 2909 sumit
627 2844 713 2907 Nilus
742 2862 779 2906 ex
804 2845 935 2908 concilio
960 2845 1122 2908 chalcedo·
1208 2839 1430 2916 AddeUltimo,
1448 2843 1528 2921 quod
1555 2841 1613 2906 istc
1641 2859 1739 2905 canon
1769 2841 2025 2904 chalcedonensis

256 2928 363 3000 nansi,
379 2943 448 2990 cau.
463 2928 496 2990 a.
512 2935 542 2991 ct
555 2927 604 2989 11.
622 2928 674 2989 uhi
693 2927 845 2990 statuiturr
873 2933 907 2990 ut
933 2927 961 2988 si
985 2927 1121 2990 ctericus
1165 2943 1229 2989 non
1245 2933 1292 2990 est
1303 2929 1341 2990 de
1356 2927 1572 3005 appellatione,
1586 2925 1640 2988 sed
1653 2927 1692 3008 de
1704 2922 2025 3008 prtmcjuutctuquut

258 3026 401 3071 caussam
417 3011 529 3072 haheat
542 3009 689 3073 aduersus
710 3011 805 3072 alium
826 3011 984 3083 clericum,
1002 3011 1041 3072 ah
1057 3010 1122 3088 epi·
1165 3010 1255 3072 ltilns
1271 3025 1332 3074 non
1348 3009 1568 3072 animadvertit.
1585 3009 1691 3087 ltaque
1720 3009 1791 3070 licet
1805 3023 1844 3068 ea
1873 3013 1933 3068 toto
1948 3007 2025 3069 orha

259 3107 360 3169 scopu
374 3108 431 3153 suo
443 3090 613 3170 judicetur:
638 3093 665 3154 si
686 3093 835 3155 aduersus
858 3091 1062 3171 episcopum,
1083 3091 1122 3155 ah
1167 3098 1315 3155 terrarum
1327 3093 1480 3172 quaslibet
1493 3107 1619 3154 caussas
1632 3089 1771 3170 judicare
1783 3096 1893 3168 ¹possct
1906 3088 2027 3168 episco-

185 3180 186 3203 t
260 3175 509 3253 arclrtcptscopor
525 3178 551 3237 si
566 3176 714 3236 adversus
728 3171 1008 3254 archiepiscopum,
1031 3175 1122 3253 apri·
1166 3192 1226 3254 pus
1242 3174 1604 3252 constantinopolitanum
1620 3177 1657 3236 ah
1669 3173 1722 3235 illu
1748 3178 1849 3234 tamen
1876 3172 2026 3252 appellari

258 3262 339 3319 mate
354 3259 548 3328 dioeceseos,
564 3258 611 3318 rel
624 3258 663 3317 ah
678 3257 828 3338 episcopo
850 3258 1123 3336 constantinopoli·
1165 3264 1272 3337 posset
1286 3259 1323 3323 aad
1333 3257 1522 3336 'episcopum
1540 3273 1698 3323 romanum
1711 3255 1798 3336 juxta
1814 3271 1949 3317 canoucs
1962 3273 2029 3316 sar·¹

256 3336 910 3418 tanultaqueutttmumtuciciumdetertur
924 3338 1123 3419 urhisrogiae
1167 3341 1324 3404 diceuses.
1348 3339 1502 3402 llcccuitu
1515 3339 1780 3401 chalcedonenses
1806 3353 1940 3418 canones
1962 3355 2025 3398 sar·

259 3421 463 3484 oecumenico
478 3423 679 3500 patriarchae.
1164 3421 1347 3496 dicensthus
1375 3421 1545 3484 canonibus
1573 3422 1637 3484 ulto
1666 3423 1757 3484 modo
1786 3421 2025 3499 repugnantltu

300 3502 494 3581 ltespoudoc:
512 3505 583 3585 quis
599 3506 630 3566 in
644 3519 764 3568 canone
774 3503 895 3568 dicatur
909 3502 1023 3583 primas
1037 3503 1122 3567 diac·
1166 3521 1291 3586 semper
1306 3511 1442 3568 remanet
1464 3505 1602 3567 antimum
1614 3503 1766 3585 judicium
1779 3519 1879 3582 penes
1905 3506 2027 3582 cpisco-

185 3596 186 3605 ’
259 3601 381 3654 cascos,
407 3587 755 3660 nonomuiuocoustat,
774 3587 944 3666 etquidem
971 3586 1120 3650 archidia-
1165 3589 1427 3676 pnm'rompnum.

254 3674 401 3731 rccuset
413 3668 463 3731 Ju.
475 3671 515 3732 de
530 3669 759 3732 Turrecremata
774 3687 869 3748 super
896 3687 966 3732 can.
986 3670 1119 3732 aicius·-

260 3765 320 3812 ctta
336 3752 385 3812 tt.
400 3759 519 3830 quaest.
536 3753 565 3814 l.
588 3754 725 3824 docent,
749 3752 909 3814 Primatem
937 3754 1120 3816 dioeceseos
1461 3751 1465 3758 ’
1490 3745 1610 3816 claun
1624 3745 1734 3813 xant.

255 3831 362 3894 uocari
387 3835 567 3913 episcopum
583 3833 754 3910 digniorem
766 3842 797 3898 et
811 3837 957 3914 majorem
969 3835 1122 3912 archiepi·
1411 3869 1424 3888 .,
1767 3869 1769 3874 ·
1814 3855 1818 3862 ’

252 3930 365 3992 scopo,
383 3917 532 3978 minorem
549 3916 732 3994 patriarcha.
754 3918 791 3978 at
805 3917 945 3980 liicotaus
959 3919 982 3978 l.
1000 3935 1077 3995 papa
1089 3917 1120 3979 in
1183 3913 1328 3981 soluitur
1342 3925 1571 3997 argumentum
1583 3915 2006 3996 primumhuttrcrnuoturtt.

251 3997 348 4075 epist.
364 3998 402 4060 ad
417 3997 557 4062 llichiet.
573 3997 648 4077 imp.
666 3999 784 4068 scrihit.
798 4015 853 4076 pcr
864 3999 1023 4078 primatem
1034 4001 1118 4062 dio'e·
1376 4053 1378 4056 .
1824 4071 1828 4080 ,

254 4080 786 4161 caseosuultumaliumsignillcari
807 4097 911 4161 posse,
939 4085 1038 4162 quam
1056 4085 1120 4161 epi·
1205 4084 1369 4145 Veniamus
1395 4074 1477 4146 ttun'c
1498 4082 1534 4144 ad
1568 4087 1746 4161 argumenta
1775 4075 2030 4149 lutheranorum.

253 4177 388 4242 scopum
403 4169 575 4227 rothanum.
592 4163 676 4237 Quae
690 4165 843 4230 scatentia
869 4164 970 4226 rarior
991 4165 1120 4227 esse-ri·
1164 4164 1322 4245 objiciunt
1337 4167 1500 4228 adversarii
1519 4166 1615 4242 primo
1642 4163 1837 4242 dpprianum,
1855 4167 1906 4244 qui
1924 4166 1975 4228 tlh.
1995 4169 2028 4229 1.

250 4245 356 4319 detur,
374 4251 436 4307 tum
451 4247 522 4326 qnia
536 4251 693 4309 auctorem
722 4247 815 4310 hahet
829 4253 1000 4327 gratiorem
1017 4293 1027 4321 ,
1043 4249 1120 4309 anti·
1165 4249 1256 4326 epist.
1273 4249 1303 4310 3.
1319 4251 1378 4310 ait:
1396 4245 1564 4311 Notttctttu
1579 4251 1736 4310 statutum
1756 4249 1798 4309 sit
1823 4247 1863 4310 ob
1879 4248 2030 4311 orttuihus

250 4327 406 4405 quierem,
422 4329 603 4401 doctiorem,
618 4335 682 4391 tum
696 4330 767 4410 quia
797 4346 858 4393 nou
887 4329 976 4392 tacite
999 4331 1121 4409 probari
1162 4329 1267 4402 uobis,
1283 4338 1312 4393 et
1326 4345 1468 4410 ucqrctam
1482 4335 1522 4393 sit
1536 4333 1658 4409 puriter
1672 4347 1710 4391 uc
1719 4330 1897 4410 postumat
1911 4333 2030 4394 taulus·

252 4412 389 4484 poterit,
406 4417 543 4491 tempore
558 4411 683 4474 concilii
697 4413 955 4476 chalcedonensis
976 4414 1073 4475 luisse
1089 4414 1120 4474 in
1163 4414 1528 4496 cujusquecuuaacittic
1539 4413 1768 4481 eudicturmhi
1778 4419 1823 4475 est
1837 4416 1960 4477 criuteu
1971 4415 2031 4477 ud·

250 4491 407 4565 Ecclesia,
423 4511 459 4556 ac
475 4495 702 4572 praesertinriu
723 4498 854 4559 oriente.
871 4495 952 4557 ullos
975 4496 1122 4575 primates
1163 4499 1299 4559 missurn
1311 4497 1610 4578 etcoportetutigue
1625 4493 1808 4573 carpathus
1822 4513 2027 4573 praecitatus,

253 4575 296 4636 ab
309 4575 550 4653 archiepiscopis
561 4577 1034 4655 etprtriarchisdistinctosttum
1050 4579 1120 4656 qnia
1164 4595 1234 4643 uott
1255 4582 1511 4642 cicercuecursurc
1532 4587 1588 4642 etc.
1612 4579 1649 4640 Et
1671 4579 1759 4641 iutra:
1773 4579 1839 4641 iliat'
1862 4581 1891 4642 st'
1914 4581 2030 4658 potiris

252 4673 314 4718 atra
340 4675 451 4736 gracco
478 4660 572 4738 huJ'us
602 4656 731 4722 canonis
752 4655 890 4743 ἔξαρχος
916 4675 979 4723 non
998 4662 1121 4739 proprio
1165 4663 1344 4742 dcapcrctt'a
1359 4679 1398 4725 nc
1411 4664 1557 4740 perditio.
1574 4664 1682 4724 udatur
1702 4662 1908 4724 videturesse
1923 4671 2033 4725 cuato-

253 4740 427 4816 primatem.
442 4743 498 4815 sed¹
515 4741 684 4820 principem
699 4741 863 4817 sigttitloat,
879 4761 958 4822 qnae
973 4761 1029 4804 vox
1044 4745 1121 4804 mul·
1164 4747 1246 4808 ritca
1258 4743 1644 4826 cpiscoporumiudfrtcu
1655 4745 1902 4807 coautttutoruru
1913 4745 2032 4820 etc.ilhi

251 4830 288 4883 to
310 4823 619 4901 aptiusinsumtnunt
636 4825 916 4905 poetarumquanto
930 4828 1122 4905 inprimatcs
1165 4828 1366 4906 reprehendit
1381 4845 1446 4904 eos,
1469 4830 1521 4908 qni
1548 4829 1775 4907 appattararant
1801 4827 1838 4888 ad
1868 4845 2028 4890 rotatanuua

255 4906 490 4983 aliosquadrat:
509 4909 576 4985 ipse
598 4910 681 4968 enim
707 4907 794 4970 solus
820 4925 890 4972 rere
910 4911 1055 4988 princeps
1076 4916 1124 4972 est
1162 4911 1355 4988 pontificem,
1370 4916 1403 4973 et
1419 4913 1535 4988 prohat,
1550 4929 1610 4974 non
1627 4909 1742 4971 debera
1767 4909 1936 4988 appellari,
1965 4915 2030 4973 tuna

252 4988 425 5062 cujuslibet
445 4989 632 5052 christianae
653 4989 849 5054 dioeceseos.
1162 4995 1237 5072 unia
1253 4994 1284 5066 id
1298 4995 1339 5057 sit
1352 4995 1497 5056 statutum
1509 4994 1542 5056 in
1565 4993 1697 5056 concilio
1719 4994 1948 5069 cpiscoporum,
1967 5001 2031 5055 tuur

299 5068 351 5131 tiis
366 5073 490 5142 arctatis,
503 5073 680 5148 respondeo
696 5072 808 5147 Primo,
824 5089 896 5136 eum
910 5089 1060 5137 mannent
1075 5090 1123 5138 re·
1166 5076 1238 5156 quin
1255 5093 1316 5138 non
1338 5082 1385 5138 est
1399 5075 1499 5138 minor
1509 5077 1672 5138 auctoritas
1687 5073 1868 5154 pontilicum
1881 5075 2032 5138 alrieano·

256 5159 310 5214 cte
324 5172 342 5214 a
357 5153 479 5216 hicolao
492 5153 759 5232 pontitlceexponi
776 5155 837 5219 loc.
852 5157 942 5218 citui
956 5157 1121 5220 concilium
1170 5171 1250 5233 rutu,
1265 5173 1356 5239 quam
1372 5174 1578 5231 romanorum.

255 5237 441 5303 decreuerit.
459 5245 491 5298 ut
505 5240 532 5298 is
554 5235 607 5315 qui
629 5253 768 5298 caussam
783 5238 958 5302 hahctcum
973 5246 1126 5319 metropo·
1214 5241 1411 5320 aasponaau
1428 5239 1611 5321 Cyprianum
1630 5253 1721 5320 aegre
1733 5237 1841 5302 tulisse
1856 5239 2037 5320 appellatio*

257 5319 371 5387 titano,
382 5318 472 5380 adeat
493 5320 666 5397 principem
693 5319 897 5393 dioeceseos,
920 5322 1013 5389 idest.
1029 5339 1135 5384 roma·.
1173 5340 1231 5386 nes
1246 5341 1364 5394 eorum,
1375 5322 1428 5404 qui
1440 5325 1479 5386 de
1494 5323 1751 5386 manifestissimis
1766 5322 1946 5386 criminibus
1962 5340 2036 5386 con·

256 5415 335 5462 num
347 5399 539 5478 pontificem
552 5401 603 5464 rel
615 5402 641 5463 si
657 5407 706 5464 est
721 5403 841 5467 ricinus
867 5405 936 5468 urhi
961 5404 1127 5468 constanti·
1173 5405 1245 5468 riuti
1260 5413 1291 5468 et
1302 5406 1430 5486 judicati
1441 5407 1574 5484 lucrant3
1591 5424 1652 5469 uon
1668 5414 1767 5470 autem
1791 5403 1916 5468 omnino
1931 5408 2038 5486 appel·

254 5484 468 5561 napolitanue,
484 5490 515 5546 et
530 5486 594 5546 ruit
608 5491 858 5556 essecouteatus
888 5488 1127 5566 episcopiittius
1174 5489 1306 5551 tationes
1321 5487 1497 5553 sustulisse.
1515 5489 1547 5552 ld
1563 5490 1716 5569 colligitur
1729 5485 1767 5551 c'r
1787 5487 1843 5549 lib.
1861 5487 1890 5549 l.
1907 5487 2036 5567 epistt.

253 5565 387 5646 judicto,
404 5566 614 5630 illumadcat:
642 5569 717 5629 itaut
746 5569 878 5646 primum
906 5571 956 5634 lex
974 5569 1128 5650 generalis
1174 5570 1228 5632 ulti
1245 5573 1376 5650 loquens
1391 5571 1430 5634 de
1444 5572 1587 5649 husitide,
1604 5573 1657 5650 qul
1673 5575 1833 5650 damnatus
1848 5569 1879 5631 in
1891 5569 2038 5652 Hispania

257 5649 461 5712 constituatur
489 5651 529 5714 de
556 5653 700 5714 adeundo
727 5668 803 5728 papa
833 5669 984 5722 romano,
1015 5652 1128 5715 deinde
1174 5654 1212 5715 ad
1226 5653 1414 5733 Stephanum
1430 5671 1541 5734 popam
1553 5655 1770 5733 appellaverat.
1793 5655 1852 5714 ait:
1875 5653 1935 5716 llec
1950 5657 2039 5717 arture

259 5731 425 5809 permissio
440 5733 591 5809 quaedam
618 5734 748 5795 addatur
770 5751 824 5812 pru
846 5736 885 5798 tis
914 5741 1049 5811 tantum,
1073 5734 1127 5814 qui
1174 5737 1441 5814 tumcutpnudua
1458 5735 2041 5816 eattttc(Stephanushutuegtipeutar

258 5829 358 5892 prope
374 5811 669 5894 Constantinopolim
681 5825 922 5882 commorantur.
1105 5861 1109 5875 .
1174 5820 1345 5898 adreptum
1360 5826 1416 5896 est,
1433 5837 1534 5899 quom
1547 5821 1599 5884 hie
1614 5819 1790 5896 (Basilides)
1806 5821 2013 5882 cmmurtdtta
2029 5865 2038 5896 ,

303 5895 448 5959 Secundo
460 5901 639 5978 responderi
657 5905 777 5978 potest:
794 5900 852 5961 laos
868 5915 977 5962 omnes
991 5915 1127 5962 canones
1176 5903 1235 5982 qui
1248 5903 1478 5978 fraudulenter
1492 5903 1641 5982 obrepsit.
1664 5903 1796 5964 atcerte
1822 5902 1849 5962 si
1861 5917 1923 5963 non
1936 5904 2041 5966 licuis-

260 5995 325 6040 uon
340 5981 455 6042 hahere
470 5982 658 6060 rchurapud
687 5997 745 6047 aas
762 6029 770 6052 ,
786 5981 847 6044 nisi
876 5988 1030 6061 quatenus
1058 5989 1131 6044 sunt
1178 5992 1225 6047 set
1238 5985 1395 6064 Stephano
1410 5985 1632 6064 appellationes
1662 5986 1725 6048 ulio
1747 5983 1838 6046 modo
1853 5983 2014 6048 admittere
2031 6029 2040 6060 ,

267 6064 404 6126 reuocati
417 6081 434 6124 a
449 6063 584 6126 romanis
598 6063 809 6150 poutihrihus.
827 6063 902 6130 liant
915 6062 978 6131 Leo
992 6066 1025 6130 in
1037 6065 1127 6147 epist.
1177 6065 1266 6132 mide
1282 6075 1366 6132 certe
1394 6073 1478 6131 esset
1493 6069 1676 6150 culpandus,
1704 6067 1789 6147 ntrod
1805 6068 2042 6146 appellationem

407 6158 577 6216 Bestiarum.
600 6159 656 6218 t'ot.
675 6162 697 6218 1.
1759 6167 1794 6220 dt
