4792 7009
436 693 494 755 2²⁶
1167 691 1212 750 DE
1232 687 1373 751 CllillSTO

367 826 598 905 sionemouoad
614 842 771 892 essetnam
788 822 902 909 ulloqui
918 829 1131 909 argumentum
1140 825 1230 890 Alba·
1278 823 1325 887 sic
1337 821 1478 888 habetur:
1500 820 1646 903 dissipari
1661 821 1713 904 μὲν
1731 821 1974 907 protractatum
1995 826 2111 910 reiicit,

366 912 452 974 nasii
468 911 542 974 nibil
565 911 691 983 ualeret,
708 913 862 990 quomodo
878 928 939 973 non
955 912 1033 973 ualet
1055 910 1117 972 boa
1140 926 1231 989 argu·
1278 903 1485 988 παραδίδωσιν·
1502 909 1516 968 i
1536 906 1588 986 τῆς
1609 903 1760 988 insciciae
1782 905 2114 988 inaccessorum

370 1000 520 1058 mentum.
543 993 626 1056 Deus
641 996 731 1057 mittit
745 996 886 1075 angelon
899 1011 973 1073 ergo
988 992 1150 1072 cainopoli
1165 1008 1227 1052 non
1279 989 1330 1053 itta
1347 991 1436 1051 rerba
1455 989 1533 1052 Cum
1548 989 1588 1052 ab
1605 1007 1673 1069 ipso
1690 1007 1755 1052 csse
1767 990 1893 1054 babeat.
1910 997 1938 1054 at
1952 995 2113 1061 amminoni

367 1081 450 1140 suot.
462 1081 631 1152 creaturae,
648 1078 696 1140 rai
715 1079 798 1141 Deus
823 1083 871 1139 est
898 1085 1047 1138 creatura:
1076 1077 1135 1138 boc
1149 1074 1233 1137 enim
1278 1073 1340 1136 illa
1360 1089 1478 1136 caussa
1493 1073 1685 1152 dependeat,
1704 1074 1735 1134 in
1753 1074 1866 1152 quibus
1879 1071 2051 1140 risratinnis
2064 1083 2109 1144 tota

368 1158 531 1224 ideonibil
547 1159 636 1234 valet,
654 1161 724 1239 quia
740 1160 840 1238 angeli
868 1160 915 1222 sic
940 1158 1098 1220 mittuntur
1124 1175 1140 1218 a
1168 1157 1233 1220 lieo
1280 1155 1378 1236 posita
1405 1162 1463 1218 est.
1490 1155 1604 1240 Tamen
1630 1156 1727 1216 Latini
1745 1157 2111 1236 responderuntpmecun

367 1242 406 1304 ad
419 1249 585 1314 creaturas,
599 1250 632 1304 ut
650 1244 699 1304 itla
716 1244 822 1305 rnissio
846 1258 906 1304 non
922 1241 1058 1302 includat
1080 1247 1233 1304 aeternam
1280 1239 1419 1301 codicem
1445 1237 1546 1316 potius
1571 1253 1642 1300 esse
1668 1245 1843 1316 corruptum
1858 1240 1895 1298 ab
1911 1238 1996 1317 ipsis
2010 1245 2110 1306 aterbi-

368 1327 603 1404 processionem
618 1326 797 1406 angelorum
808 1325 847 1386 ab
859 1326 924 1404 ipsa
939 1325 991 1384 bei
1004 1323 1186 1386 substantia.
1201 1321 1234 1386 Si
1280 1321 1415 1384 buencum
1429 1321 1567 1386 codicem
1580 1320 1826 1402 antiquissimum
1842 1322 1986 1400 scripturn
2002 1329 2060 1385 oute
2071 1343 2111 1390 an·

371 1422 446 1486 ergo
460 1407 589 1487 Spiritus
605 1415 733 1470 sanctus
744 1408 871 1469 mittitur
887 1406 995 1468 allilia
1010 1406 1047 1467 ad
1063 1412 1230 1480 creaturas,
1281 1419 1339 1467 nos
1360 1409 1534 1476 sexcentos,
1560 1404 1611 1466 ubi
1627 1409 1714 1466 eruut
1728 1405 1828 1466 omnia
1844 1420 1922 1483 quoe
1937 1404 2108 1473 recitavimus.

378 1496 409 1552 ει
429 1491 468 1554 ab
488 1491 558 1570 ipso
579 1491 655 1552 Filio
672 1507 732 1553 non
748 1488 887 1570 procedit
902 1488 1144 1555 substantialiter
1157 1489 1237 1551 sicut
1324 1487 1384 1548 Sed
1401 1493 1557 1566 praeterea
1574 1501 1611 1548 ειι
1623 1485 1886 1566 consequentibus
1898 1486 2056 1566 colligimus
2064 1495 2108 1554 cri·

373 1589 389 1632 a
404 1571 502 1648 Patre,
518 1581 601 1636 certe
617 1590 676 1635 non
692 1574 780 1636 aliter
795 1572 931 1644 mittitur,
948 1589 1038 1648 arram
1051 1571 1152 1652 angeli
1164 1573 1235 1635 mit·
1282 1569 1402 1640 denter,
1419 1575 1470 1630 aut
1483 1569 1535 1632 illa
1551 1573 1641 1632 rerba
1654 1565 1769 1632 dobere
1782 1586 1853 1631 csse
1867 1571 1896 1630 in
1911 1575 2001 1640 textu,
2014 1577 2110 1636 autcar-

373 1661 485 1731 tantur3
501 1662 532 1717 et
546 1662 707 1735 propterea
723 1672 784 1718 non
798 1660 901 1735 potest
915 1654 987 1721 iada
1002 1655 1117 1734 colligi,
1133 1654 1238 1734 ipsum
1281 1659 1312 1714 te
1342 1668 1468 1714 sensum
1490 1668 1610 1714 eurum.
1638 1651 1715 1714 Nam
1726 1653 1771 1712 sic
1788 1652 1885 1731 pergil
1900 1651 2035 1714 Basilius:
2051 1655 2112 1720 don

376 1752 448 1800 csse
476 1738 583 1812 aean,
610 1745 662 1800 aut
680 1739 791 1802 Filium
807 1754 869 1800 non
884 1753 955 1800 esse
970 1737 1079 1808 Deum,
1097 1737 1180 1816 quod
1194 1744 1237 1799 ta·
1283 1735 1560 1816 queamdmodum
1573 1734 1677 1797 Filias
1690 1735 1805 1798 ordino
1818 1735 1949 1815 quidem
1960 1733 2115 1800 aPntrcsc·

376 1835 447 1881 men
469 1820 653 1885 Attianasius
676 1821 802 1901 colligit,
820 1819 939 1881 lteinde
954 1821 980 1881 si
997 1818 1179 1882 ttbanosius
1193 1820 1239 1881 loa
1286 1819 1415 1884 candus
1437 1823 1502 1890 est,
1528 1819 1685 1898 quopiam
1707 1817 1747 1880 ab
1768 1818 1955 1880 dinoscet
1976 1817 2115 1894 dipoitutc.

251 1948 254 1951 -
375 1908 522 1978 oneretur
547 1901 766 1969 demissione
785 1903 823 1966 ad
847 1908 1014 1965 merituros.
1032 1919 1092 1964 non
1109 1900 1237 1976 diceret,
1286 1901 1447 1982 qouniam
1472 1901 1562 1980 oripo
1590 1907 1686 1979 atarto
1701 1917 1822 1962 caussa
1835 1901 1964 1962 essendi
1977 1901 2117 1980 Pateripci

377 1983 527 2054 sienim
546 1986 625 2052 Filii
645 1992 797 2050 creatura
820 1983 959 2064 Spiritus
972 1993 1104 2048 acacius
1119 1989 1164 2046 cat
1179 1989 1238 2048 etc.
1286 1990 1343 2058 cst;
1360 1989 1485 2045 actura
1498 1999 1573 2047 uara
1587 1984 1679 2046 auito
1693 1984 1789 2046 moda
1804 1983 1976 2052 secundia,
1989 1986 2118 2062 pumma

376 2069 434 2130 istu
450 2071 533 2130 enim
545 2070 636 2133 rerba
649 2070 881 2149 productionem
895 2067 1079 2147 significant,
1093 2084 1154 2130 non
1166 2069 1241 2132 nris·
1283 2067 1322 2129 in
1335 2073 1472 2145 utroque
1484 2073 1612 2130 rmacat
1626 2067 1742 2128 daim.-
1753 2066 1802 2126 ita
1814 2069 1843 2127 ct
1855 2064 1991 2144 Spiritus
2001 2072 2117 2138 sanctur,

376 2149 510 2216 sionem:
520 2167 554 2214 ac
567 2152 725 2214 contendit
735 2151 928 2226 Athanasius,
943 2151 1089 2229 Spiritum
1100 2157 1242 2216 sunctum
1286 2149 1345 2212 etsi
1359 2149 1517 2228 dipaitatc
1532 2155 1560 2212 et
1575 2149 1900 2212 ordincccconduao
1915 2147 1997 2209 Filio
2009 2154 2057 2222 cst,
2068 2164 2120 2212 non

377 2231 488 2295 altitio
503 2235 643 2313 produci,
658 2236 715 2296 sed
731 2250 794 2295 non
809 2234 904 2295 creari
920 2249 957 2296 er
973 2233 1084 2296 nihilo.
1207 2263 1208 2268 =
1286 2239 1405 2298 tanton¹
1424 2231 1553 2296 alienae
1578 2232 1690 2310 ipsum
1715 2247 1781 2294 esse
1795 2237 1937 2294 naturae
1950 2230 2023 2292 iadc
2035 2245 2120 2292 conse

420 2315 579 2384 Praeterea
601 2321 671 2395 post
692 2333 786 2378 unum
812 2314 915 2378 lotium
932 2315 1030 2392 innrrit
1046 2313 1239 2386 Athanasius:
1286 2322 1414 2395 quatur.
1433 2313 1467 2374 Et
1483 2315 1726 2388 habenturbaeo
1741 2313 1843 2378 omnia
1859 2313 1890 2374 in
1907 2327 2012 2390 graeco
2025 2312 2058 2374 ad
2071 2329 2121 2375 ter·

380 2397 465 2476 Quin
486 2401 586 2461 etiarn
606 2398 684 2462 Filii
704 2400 813 2478 imnpo
836 2405 891 2471 rat,
908 2405 937 2460 et
951 2399 1071 2461 dicitur
1086 2397 1242 2476 Spiritus.
1287 2397 1373 2460 bum.
1403 2397 1575 2476 Parparia,
1600 2398 1742 2464 obsecro,
1760 2395 1907 2458 rationem
1922 2392 2031 2456 Basilii.
2045 2395 2119 2470 llicit,

378 2481 416 2543 m
427 2480 519 2544 inira:
538 2480 629 2558 Quod
642 2483 672 2545 si
684 2481 801 2553 Filiam,
817 2483 898 2562 quia
908 2498 952 2546 ea
961 2481 1025 2543 lico
1037 2487 1067 2543 ct
1078 2480 1241 2556 Patre-est,
1289 2481 1433 2558 Spiritum
1446 2479 1701 2562 esse‘sccundum
1713 2495 1728 2538 a
1741 2479 1820 2541 Filio
1830 2478 1938 2540 ordine
1951 2483 1979 2538 et
1990 2475 2121 2556 dignitate,

376 2565 532 2646 proprius
564 2565 669 2645 ipsius
689 2565 889 2645 substomiae
911 2571 978 2640 est;
999 2575 1128 2626 ιιεεεεεε
1150 2568 1194 2626 est
1216 2569 1246 2626 et
1291 2579 1352 2624 non
1376 2570 1475 2626 tamen
1493 2568 1613 2625 natura.
1628 2558 1665 2622 lit
1680 2562 1798 2642 probat,
1815 2560 1885 2638 noia
1902 2560 1981 2622 sicot
1994 2559 2124 2623 Filiusest

379 2647 549 2728 Spiritum
566 2650 648 2728 qaia
661 2664 704 2710 em
718 2647 781 2710 Deo
793 2663 859 2709 esse
869 2648 1002 2722 dieitur,
1015 2647 1187 2725 propriosne
1199 2662 1245 2708 es·
1291 2647 1448 2706 socrrndus
1463 2663 1478 2704 a
1494 2645 1594 2718 Patro,
1608 2645 1733 2723 nuiaab
1748 2644 1800 2706 itio
1816 2643 2004 2714 hebetasse:
2020 2643 2123 2722 itaquo·

379 2748 415 2794 so
435 2730 513 2794 Filii
532 2733 714 2794 secundum
726 2729 953 2800 substantiam.
967 2729 1050 2792 Sane
1065 2731 1246 2792 Athanasius
1290 2743 1351 2808 que
1376 2735 1404 2790 et
1430 2728 1562 2807 Spiritus
1586 2735 1635 2788 εει
1650 2727 1806 2790 εειιιιιιιιιε
1821 2744 1837 2786 a
1852 2725 1941 2802 Filio,
1958 2723 2007 2788 ubi
2023 2724 2074 2786 nisi
2086 2724 2124 2786 ad·

378 2830 451 2879 cum
473 2813 559 2888 dicit,
581 2814 727 2892 Spiritum
742 2830 780 2875 ex
793 2813 857 2874 beo
871 2827 956 2883 esse,
972 2811 1115 2887 intotttptt
1130 2827 1167 2873 ει
1183 2811 1247 2874 lieo
1291 2813 1380 2872 datur
1394 2810 1442 2872 rel
1457 2810 1705 2890 subintelligatur
1717 2809 1758 2880 id,
1774 2809 1856 2889 quod
1872 2815 1918 2870 εει
1931 2809 1963 2870 in
1978 2807 2124 2870 nostrisoo·

382 2896 473 2960 Filio.
490 2897 603 2973 alionui
620 2912 682 2958 non
696 2895 777 2958 bene
793 2896 1003 2970 concluderetc
1016 2894 1086 2957 idon
1099 2893 1248 2973 illumes·
1291 2891 1427 2965 otuinus,
1453 2892 1608 2967 videlicet,
1637 2893 1782 2972 Spiritum
1807 2891 1923 2954 babere
1944 2904 2012 2952 asse
2026 2906 2041 2949 a
2054 2889 2124 2964 Filio,

385 2998 420 3046 sc
436 2981 591 3060 proprium
607 2978 687 3051 Filii,
700 2977 887 3041 sinutFitius
898 2978 968 3040 ideo
979 2983 1027 3040 est
1039 2977 1182 3056 proprius
1193 2978 1248 3040 Pn-
1292 2975 1373 3038 sicut
1397 2975 1493 3038 Filius
1517 2975 1611 3037 habet
1635 2990 1706 3037 esse
1722 2992 1739 3036 a
1754 2975 1852 3048 Patre,
1870 2974 1945 3036 ratio
1959 2971 2054 3033 Basilii
2069 2971 2125 3034 nibil

386 3066 454 3137 tris,
477 3063 548 3142 quin
564 3078 601 3124 er
615 3062 702 3128 Patre
718 3068 776 3123 est.
787 3060 919 3123 ¹Eustant
932 3064 1026 3123 etiam
1039 3059 1117 3122 duae
1133 3059 1247 3138 episto·
1292 3059 1469 3132 concludat,
1486 3073 1544 3120 neo
1560 3058 1730 3120 ullomodo
1744 3056 1867 3136 probari
1880 3063 1992 3134 posset,
2006 3053 2126 3132 Spiritum

386 3147 435 3210 lae
457 3145 614 3208 breviores
628 3145 666 3206 ad
680 3143 826 3207 euatdem
841 3143 1053 3223 Serapionem,
1070 3141 1123 3205 ubi
1138 3143 1248 3206 andero
1292 3147 1434 3204 sanetum
1455 3156 1526 3203 osse
1548 3142 1720 3204 secundum
1742 3158 1759 3202 a
1780 3139 1871 3215 attio,
1888 3137 2026 3202 utFilius
2038 3141 2125 3200 estu·

386 3226 671 3294 diritatiisrerbis.
1101 3283 1105 3291 ,
1293 3222 1560 3287 ειιιιιιιιειΡιιιιε.
1656 3270 1660 3278 ,
2113 3253 2115 3256 -

426 3308 791 3392 Tertiusgraeousl’ater
805 3314 893 3370 ests.
910 3306 1053 3381 basilius,
1069 3322 1162 3387 auem
1180 3305 1248 3383 oui·
1339 3305 1458 3368 tertius
1474 3306 1562 3378 locus
1577 3304 1609 3367 in
1624 3303 1680 3366 lib.
1692 3305 1727 3367 ¹5.
1743 3311 1826 3367 cont.
1843 3305 1972 3366 bunum.
1987 3317 2050 3381 cap.
2064 3299 2114 3362 Sc

386 3391 457 3456 dem
485 3391 593 3455 Graeci
608 3393 671 3454 iere
686 3391 756 3454 aliis
770 3390 914 3453 omnibus
929 3395 1132 3470 anteponunt.
1147 3389 1178 3451 ls
1193 3389 1251 3468 ipi·
1296 3391 1377 3464 nuod
1393 3388 1525 3464 Spiritus
1540 3393 1664 3450 sanctus
1681 3389 1720 3448 sit
1734 3403 1803 3448 nero
1830 3393 1870 3456 et,
1884 3384 2025 3448 naturalis
2046 3382 2127 3458 irnapo

380 3480 435 3544 tur
449 3476 505 3541 lib.
522 3475 554 3535 2.
570 3477 600 3535 in
617 3475 748 3536 bunum.
764 3475 838 3539 circ.
854 3473 922 3538 ttnn
938 3471 1248 3550 tundaritanus,
1297 3470 1350 3532 llui
1369 3478 1398 3532 et
1413 3469 1536 3533 Christi.
1553 3470 1613 3532 iste
1626 3469 1707 3532 enim
1726 3469 1841 3532 titulus:
1855 3465 1901 3530 irc
1915 3464 1999 3530 εἰκὼν
2016 3461 2123 3542 ἀληθὴς,

386 3559 442 3622 cui
466 3574 512 3621 erc
535 3557 685 3620 orandus
700 3557 872 3638 obscuram
887 3562 942 3631 est,
959 3557 1048 3634 quod
1063 3555 1162 3619 nulla
1172 3554 1251 3616 Filii
1293 3551 1347 3618 ιαὶ
1360 3550 1466 3632 docui,
1481 3551 1571 3618 θεοῦ,
1587 3551 1639 3616 καὶ
1650 3552 1760 3635 Κριςοῦ
1775 3550 1809 3614 τὸ
1821 3551 1937 3630 πνεῦμα
1948 3547 2126 3622 sntisindicnt,

386 3641 531 3719 operatio
555 3656 580 3707 a
600 3639 695 3701 Patre
717 3640 855 3701 dbsccta
869 3644 925 3711 εει,
941 3653 1047 3717 raeque
1061 3645 1107 3700 est
1121 3635 1251 3717 atiqtcid
1300 3636 1445 3712 Spiritum
1461 3641 1599 3696 sanctum
1630 3637 1744 3698 babere
1773 3633 1986 3696 essentialia
2010 3637 2037 3694 et
2056 3629 2127 3690 Filio.

385 3723 427 3787 in
444 3737 557 3786 rerum
575 3729 708 3796 umora,
730 3720 925 3800 qaod-Filio
947 3721 1043 3794 adsit,
1068 3724 1097 3782 et
1117 3720 1251 3784 aPatre
1294 3716 1379 3790 lirim,
1397 3725 1430 3780 ul
1457 3733 1547 3798 supra
1577 3719 1720 3792 diximus,
1738 3724 1865 3780 non-est
1887 3732 1954 3778 rora
1981 3719 2009 3776 et
2032 3719 2128 3774 natura

388 3805 536 3870 ιιιιειιιιιιι
552 3805 605 3868 sit.
624 3802 740 3867 Omnia
753 3804 852 3873 euim,
867 3803 987 3882 inquit,
1000 3819 1076 3865 mea
1090 3809 1249 3880 tuaount,
1292 3801 1332 3864 lis
1354 3802 1478 3881 imago,
1521 3815 1601 3880 quae
1627 3817 1689 3888 nou
1719 3797 2023 3881 produciturabipso
2048 3809 2128 3857 enan·

388 3895 420 3952 et
440 3893 499 3951 toa
518 3892 693 3961 mecaenat·
709 3886 870 3966 quomodo
884 3886 987 3964 ipim
1001 3885 1142 3966 Spiritus
1157 3901 1252 3958 caus·
1296 3881 1387 3964 ptari.
2108 3957 2112 3968 Ι

293 3984 299 3997 ·
388 3985 461 4036 som
473 3970 537 4033 sati
549 3970 719 4048 ιιιιιεειιιιο
735 3967 898 4032 attribuit?
911 3967 994 4030 Haec
1007 3967 1072 4032 ille.
1337 3965 1467 4040 Quartus
1481 3965 1569 4028 locus
1586 3969 1632 4028 est
1644 3963 1674 4026 in
1690 3965 1747 4027 lib.
1763 3964 1833 4027 eod.
1850 3979 1927 4040 cap,
1949 3963 1995 4024 tl.
2021 3959 2067 4021 abi
2094 3971 2131 4018 su

431 4054 492 4116 llec
507 4053 600 4116 narba
612 4067 720 4131 graeca
736 4052 774 4114 ab
790 4052 839 4112 bis
854 4051 917 4113 ullo
932 4051 1035 4129 modo,
1049 4048 1248 4123 dissentiunt,
1298 4047 1432 4128 legimus
1448 4048 1559 4128 inipso
1574 4047 1662 4110 titula
1675 4048 1783 4127 capitis
1798 4043 1843 4115 aa
1857 4043 1907 4118 ὡς’
1916 4043 1979 4117 iube
2002 4061 2021 4106 n
2039 4041 2074 4113 ὸς
2085 4055 2128 4100 ro·

389 4134 436 4199 sia
451 4136 533 4199 enim
549 4137 601 4197 ait:
624 4135 701 4207 Πῶς
714 4123 764 4196 οὖν
787 4133 840 4196 coit
854 4130 1022 4213 πνεύματος
1035 4132 1086 4214 τῆν
1098 4131 1192 4204 αἰτίαν
1207 4131 1250 4194 τῶ
1294 4128 1371 4212 τέρα
1385 4127 1448 4212 ἔχει
1463 4125 2001 4211 cirrosmsipunpdu‘uri33110ccsl:
2015 4062 2127 4200 guadii

390 4216 545 4299 μοιογιιεῐ
563 4216 646 4298 pium
660 4214 832 4299 προςιέιησε
847 4223 929 4280 εειιε
959 4216 1089 4280 Basilius
1114 4217 1254 4296 probans
1296 4229 1331 4276 se
1352 4213 1562 4276 traiecturus
1575 4215 1620 4276 ad
1634 4211 1775 4276 Patrem:
1803 4212 1859 4274 sic.
1879 4212 1976 4274 etiam
2002 4224 2032 4270 ae
2055 4203 2130 4298 liniet

387 4318 452 4364 oon
467 4302 567 4364 sotum
580 4301 688 4362 Filium
700 4317 770 4365 osse
782 4315 921 4363 caussam
932 4298 1074 4378 Spiritus,
1090 4299 1146 4362 sed
1162 4299 1253 4361 etism
1301 4295 1439 4378 Spiritus
1466 4295 1655 4358 additium.
1672 4295 1708 4358 Et
1724 4311 1792 4357 mos
1807 4295 1918 4374 pergit:
1936 4288 2130 4354 iudiciuin

387 4381 789 4463 Patrem,quiunmniaquae
799 4382 994 4444 babetFitius
1005 4382 1098 4444 babel
1110 4380 1254 4456 intensi·
1298 4376 1379 4442 ,θεοῦ
1395 4395 1446 4458 μεν
1461 4375 1554 4458 λόγος
1570 4374 1673 4452 tiam,
1691 4377 1773 4460 ῥῇμα
1792 4375 1826 4440 δὲ
1836 4374 1901 4440 itai
1916 4374 1950 4438 ri
1965 4370 2131 4451 [lisinnias

390 4466 454 4527 mul
469 4467 570 4540 docet,
586 4467 648 4526 imo
664 4465 1043 4544 pro'aomperloassuntit,
1060 4462 1191 4543 Spiritus
1206 4479 1255 4524 aa·
1302 4469 1361 4523 cst:
1382 4459 1582 4540 Quapropter
1598 4461 1731 4526 toruum
1752 4461 1809 4524 Dei
1823 4468 1868 4529 est
1883 4460 1995 4528 Filias,
2024 4453 2132 4518 l'crbuur

391 4563 511 4624 ussum,
533 4555 569 4610 ut
583 4547 689 4610 Graeci
704 4549 883 4624 loquuntur,
899 4561 972 4609 esse
986 4545 1108 4610 Filium.
1126 4545 1186 4607 ileo
1199 4561 1269 4624 ιιι·Ι
1299 4550 1410 4606 autem
1424 4543 1502 4606 Filii
1523 4549 1568 4606 cst
1593 4541 1732 4623 Spiritus
1756 4549 1902 4606 sanctus.
1925 4541 2004 4604 Hauc
2026 4538 2081 4600 ille.
2104 4535 2132 4594 tt

389 4635 453 4692 test
466 4630 522 4691 ἰειιι
538 4646 647 4692 caussa
658 4630 763 4692 reie'rri
775 4630 812 4690 ad
826 4631 903 4691 dona
917 4628 1049 4708 Spiritus
1061 4628 1170 4692 sancti:
1184 4643 1256 4694 narn
1300 4627 1454 4706 quomado
1471 4625 1603 4688 Verbum
1618 4625 1686 4688 Filii
1704 4627 1836 4706 Spiritus
1850 4625 2040 4704 dicipulost,
2068 4619 2089 4679 si
2102 4617 2130 4709 ab

390 4712 522 4776 Basilius
545 4711 653 4774 scribit
672 4719 774 4775 contra
790 4711 988 4787 Eunomium,
1004 4712 1055 4791 qui
1072 4727 1133 4772 non
1148 4711 1188 4773 de
1203 4710 1257 4772 do·
1303 4709 1372 4787 ipso
1386 4725 1446 4771 uon
1463 4707 1617 4788 procedit?
1633 4707 1669 4770 Et
1683 4707 1836 4786 quomodo
1855 4707 1902 4770 sic
1926 4722 1960 4770 se
1974 4703 2058 4767 babet
2080 4699 2131 4791 Spi-

391 4796 442 4859 nis
467 4794 653 4874 disputabat,
680 4794 735 4857 sed
758 4795 796 4856 de
812 4794 982 4856 substantia
999 4793 1130 4874 Spiritus
1144 4791 1255 4866 sancti,
1305 4793 1382 4854 ritus
1399 4793 1435 4852 ud
1451 4791 1574 4860 Filium,
1592 4797 1624 4851 ut
1637 4791 1733 4854 Filius
1749 4791 1786 4852 ad
1801 4790 1967 4862 Patrem,si
1982 4785 2068 4849 Filius
2081 4797 2131 4858 qu·

391 4893 427 4941 ac
448 4877 570 4941 nolebat
590 4878 691 4940 sotum
705 4875 816 4938 Filium
832 4893 902 4940 esse
918 4893 990 4940 rere
1005 4893 1146 4940 caussam
1161 4874 1257 4954 Spiri·
1305 4874 1378 4934 dem
1392 4890 1407 4934 a
1422 4873 1509 4936 Patre
1524 4874 1675 4952 procedit,
1690 4873 1822 4954 Spiritus
1834 4879 1938 4936 autern
1957 4875 2071 4936 sanctus
2083 4877 2132 4926 non

392 4962 567 5023 lussancti.
996 4999 999 5004 -
1042 5008 1045 5014 ι
1197 5002 1200 5006 1
1301 4955 1583 5036 pracedttaFilioi
2109 5026 2114 5038 ,

433 5043 515 5104 liter
531 5047 579 5104 est
592 5042 681 5104 loeus
695 5041 798 5104 Basilii
813 5040 869 5103 lib.
886 5041 916 5114 3.
935 5047 1018 5104 cont.
1031 5040 1163 5102 Eunom.
1175 5037 1258 5102 eirca
1344 5037 1472 5111 Quintus
1483 5038 1571 5101 locus
1587 5037 1674 5100 estin
1691 5037 1761 5100 cod.
1777 5037 1832 5100 lib.
1849 5054 1921 5117 cap.
1939 5037 1987 5099 tr.
2011 5030 2057 5094 irbi
2076 5027 2127 5124 talto

391 5125 593 5208 principium
621 5123 695 5199 dar,
711 5125 821 5203 inquit,
838 5121 966 5187 ιιεεεεεε
981 5129 1036 5200 est,
1052 5124 1082 5186 si
1097 5123 1263 5201 dipaitatc,
1303 5119 1485 5199 proponitur
1499 5120 1649 5200 quaestio:
1662 5118 1757 5184 Διὰιὶ
1770 5119 1809 5200 μή
1823 5117 1923 5184 καὶτὸ
1952 5115 2058 5200 pucina
2078 5123 2130 5178 titt

392 5216 423 5272 et
443 5209 559 5271 ordine
573 5208 684 5270 tertius
699 5213 744 5269 ent
760 5206 910 5285 Spiritus,
926 5213 1050 5270 aalma
1064 5221 1193 5287 panorm
1207 5206 1258 5283 ip·
1302 5201 1354 5264 τοῦ
1368 5199 1445 5280 imin
1461 5201 1568 5278 ‚Quare
1581 5202 1719 5282 Spiritus
1732 5220 1802 5268 narr
1816 5211 1860 5267 est
1874 5203 1978 5266 Filias
1992 5197 2075 5288 Filii?
2085 5191 2126 5282 lio

392 5309 466 5356 sum
490 5292 620 5354 tertium
645 5291 730 5352 esset
748 5290 909 5368 Diprritate
922 5305 1066 5369 namque
1085 5290 1196 5366 ipsum
1210 5301 1256 5350 se·
1306 5288 1549 5362 spondetautem
1564 5286 1705 5349 Basilius:
1734 5285 1780 5350 dri
1794 5286 1826 5346 ai
1841 5283 1893 5348 διὰ
1906 5283 1941 5346 τὸ
1966 5281 2083 5370 piarat
2103 5289 2129 5331 tt

393 5375 542 5438 cundum
556 5390 578 5435 a
591 5371 675 5435 Filio
691 5388 766 5434 canc
781 5371 821 5434 ab
836 5374 907 5450 ipso
923 5389 989 5435 esse
1004 5371 1131 5439 lrabeat,
1148 5375 1255 5431 ctam·
1306 5363 1498 5431 tractauit
1512 5356 1752 5451 ἀλλ’ἲιαῆιριὰε
1769 5367 1944 5449 &certati
1958 5365 2057 5444 ditor
2067 5371 2126 5448 αῑει·

392 5458 472 5520 nino
488 5456 529 5518 ab
542 5456 603 5519 illa
614 5471 732 5535 caussa
746 5456 937 5533 dependeat,
948 5454 1081 5532 pictatia
1094 5453 1180 5515 ratio
1192 5458 1257 5515 tra·
1306 5466 1370 5530 ρον,
1395 5456 1425 5512 ει
1439 5467 1517 5527 quae
1529 5450 1992 5530 sequnnturmoacstdtcatdco
2003 5441 2127 5510 castitati

395 5540 455 5611 dit,
477 5545 696 5602 naturaucro
719 5539 858 5611 tertiam,
882 5538 932 5599 uti
952 5551 1057 5616 aeque
1079 5551 1123 5597 eac
1136 5535 1258 5605 sanctia
1306 5530 1429 5594 Filium
1438 5532 1526 5609 Filii,
1542 5535 1757 5614 quianooait
1770 5517 2127 5614 eaDcopcr‘Filiuuatti

399 5619 574 5702 scripturis
600 5622 787 5697 didicimus,
802 5634 908 5700 acque
925 5637 967 5683 erc
978 5618 1157 5701 praedictis
1171 5617 1260 5682 colli·
1305 5629 1348 5678 ae
1361 5616 1574 5694 respiceretur,
1587 5617 1775 5684 l'rircitatcm¹
1782 5601 2128 5695 miultiplicarituiaiar·

393 5702 629 5784 percpossibile
644 5709 698 5766 cat.
933 5758 935 5761 .
1308 5704 1387 5760 tum.
1405 5699 1475 5760 llam
1491 5698 1664 5779 siSpiritus
1679 5701 1831 5762 diceretur
1844 5697 1939 5762 Filius
1955 5697 2030 5770 Filii,
2043 5697 2131 5780 const-

435 5785 525 5847 Hunc
539 5785 683 5847 locumin
695 5783 833 5849 Concilio
844 5784 1020 5850 Florentino
1031 5799 1111 5849 sess.
1124 5783 1166 5846 20
1175 5781 1273 5846 dixe.
1307 5795 1408 5861 quens
1422 5780 1718 5858 videretur,utctiuor
1730 5781 1798 5860 ipse
1813 5780 2033 5845 baberetoliun
2043 5769 2130 5837 ibunt,

401 5865 992 5945 ruutGraecicorruptumesseetnon
1009 5867 1260 5945 lraberiingrae·
1308 5869 1340 5927 et
1354 5864 1402 5926 sic
1416 5864 1577 5944 deinceps.
1824 5919 1827 5924 a
2115 5928 2122 5946 ,

400 5948 446 6011 cis
461 5947 621 6012 codicibus
644 5950 799 6028 omnibus,
819 5949 876 6014 sed
890 5951 990 6016 solum
1016 5951 1047 6025 in
1063 5949 1259 6031 quibusdam.
1351 5946 1426 6011 Sunt
1438 5953 1538 6010 autam
1554 5946 1604 6010 bio
1620 5944 1719 6024 aliqua
1734 5943 1977 6022 obseruandapc
1990 5939 2103 6024 primun
2114 5947 2132 5993 ι·

393 6030 431 6096 at
445 6032 559 6108 rareio
572 6045 686 6113 graeco
701 6036 784 6096 tortu
800 6034 937 6100 itasitcae
956 6034 1040 6102 edito
1055 6049 1138 6100 anno
1166 6029 1259 6103 test.
1307 6029 1526 6109 prumtitutuur
1538 6027 2080 6112 quaestionisesseargumentamini
2092 6029 2134 6079 ιιι
