4792 7009
780 927 920 1098 un
984 928 1345 1112 venno
1413 932 1595 1104 our

1054 1403 1310 1414 m

954 1914 1105 2000 LIBER
1134 1913 1391 2004 SECUNDUS

1126 2239 1270 2250 ...ια-.-

565 2729 685 2796 CAPUT
704 2731 860 2797 Pillillttl.
1195 2735 1346 2815 piabant,
1376 2741 1468 2817 atqua
1500 2751 1537 2800 eo
1559 2734 1651 2798 modo
1679 2735 1851 2799 unirersam
1874 2731 2062 2813 scripturam

1119 2840 1121 2845 ·
1196 2834 1277 2896 quae
1299 2817 1390 2898 plane
1405 2819 1537 2899 perierat
1551 2833 1622 2882 csse
1637 2825 1819 2898 reparatam.
1837 2815 1897 2880 Sed
1916 2815 1967 2878 bic
1982 2817 2061 2880 liber

353 2895 548 2970 οοιοιιιιιιον,
564 2899 944 2963 editionem-hahentccm
959 2899 1086 2982 lloysa'e,
1193 2916 1256 2964 non
1272 2901 1364 2964 modo
1378 2902 1573 2982 apocryphus
1589 2905 1647 2974 cst,
1664 2909 1695 2964 et
1708 2901 1747 2963 ub
1761 2899 1897 2962 Ecclesia
1911 2899 2061 2962 catholica

397 2987 428 3044 et
441 2981 677 3061 prophetarum
687 2997 863 3062 nunquam
873 2983 1021 3062 posthac.
1194 2999 1350 3061 nunonem
1366 2989 1520 3063 receptus.
1537 2983 1592 3047 sed
1609 2984 1700 3048 etiam
1716 2985 1819 3046 multis
1834 2983 1865 3042 in
1880 2981 1958 3045 locis
1972 2981 2061 3045 redo·

1193 3065 1236 3128 let
1251 3066 1369 3129 tabulas
1381 3066 1533 3146 iudaicus,
1550 3073 1581 3129 et
1595 3067 1626 3128 in
1642 3065 1701 3128 boc
1716 3065 1784 3142 ipso
1800 3080 1867 3144 cap.
1886 3063 1936 3126 lt.
1954 3079 2017 3126 nan
2029 3079 2062 3127 a·

272 3158 330 3284 D
1193 3149 1264 3211 liter
1278 3148 1412 3227 loquitur
1433 3150 1472 3211 dc
1493 3149 1677 3228 quibusdam
1699 3148 1786 3211 libris
1801 3147 1931 3209 occultis
1946 3154 1977 3209 et
1993 3161 2062 3224 per·

332 3228 518 3292 isseruimus
532 3228 613 3292 libro
627 3229 787 3310 superiore
799 3228 933 3291 delibris
948 3228 1026 3311 ipsis
1038 3229 1146 3305 sacris,
1194 3231 1387 3307 tectioribus,
1411 3247 1501 3308 uuam
1524 3246 1632 3294 omnes
1654 3229 1881 3292 Tbalnrudistac
1896 3227 2006 3290 iaciant
2019 3231 2060 3292 de

273 3315 307 3368 ut
322 3325 612 3374 eorumnumernrn
635 3312 897 3376 etauctoritatem
919 3312 958 3375 ab
980 3311 1148 3374 baeretico-
1192 3329 1247 3376 sua
1268 3314 1385 3377 cabula.
1410 3313 1508 3391 Quare
1531 3314 1633 3392 patius
1655 3313 1865 3375 testimonium
1881 3310 1950 3372 lihrt
1963 3311 2056 3390 hujus

273 3406 346 3452 rnrn
362 3394 528 3458 calumniis
540 3395 775 3458 vindicaremus.
790 3393 946 3475 Sequitur,
959 3402 993 3457 ut
1004 3395 1043 3457 de
1054 3395 1147 3458 libro·
1190 3397 1322 3460 detrabit
1337 3397 1407 3459 huic
1421 3396 1593 3460 sententiae
1607 3393 1712 3473 fldem,
1729 3411 1819 3476 quarn
1838 3392 1953 3456 alterat:
1971 3408 2008 3457 er
2025 3395 2059 3456 li·

274 3489 345 3535 rum
362 3481 533 3539 eorundem
546 3479 636 3541 rariis
652 3478 850 3547 editionibus,
867 3477 973 3553 idest,
990 3477 1154 3552 hebraica,
1191 3478 1257 3542 bris
1272 3485 1372 3542 aulem
1387 3478 1545 3542 canonicis
1561 3477 1638 3540 nihil
1653 3479 1713 3541 tale
1730 3476 1895 3557 colligitur.

273 3555 382 3632 letina,
400 3559 586 3636 germanica,
603 3561 724 3642 gallica,
746 3567 777 3623 et
791 3561 957 3633 similibus,
980 3576 1060 3641 quae
1080 3560 1145 3621 rul-
1197 3583 1201 3598 ·
1235 3561 1321 3635 Quod
1338 3569 1438 3624 autem
1451 3562 1574 3639 auidam
1591 3561 1709 3634 dicunt,
1726 3560 1757 3622 id
1773 3557 1877 3640 colligi
1893 3573 1930 3620 ex
1953 3557 2010 3622 lib.
2026 3558 2057 3622 2.

277 3655 371 3717 geres
387 3641 542 3715 dicuntur,
559 3643 691 3706 hrcalter
710 3642 912 3706 disseramus.
933 3642 1043 3706 Parum
1065 3639 1148 3706 enim
1190 3641 1306 3708 Esdrae
1321 3661 1387 3724 cap.
1404 3643 1434 3706 8.
1450 3651 1567 3708 tantum
1584 3643 1682 3718 abest,
1700 3648 1733 3704 ut
1754 3643 1794 3704 sit
1814 3657 1931 3712 rerum,
1956 3650 1988 3704 ut
2003 3657 2059 3721 po·

274 3725 454 3798 prodesset,
469 3725 616 3788 librorum
628 3724 799 3788 divinorum
811 3740 973 3788 nnmerum
985 3742 1047 3788 non
1059 3725 1146 3804 igno·
1190 3727 1253 3790 tius
1269 3731 1453 3790 contrarium
1465 3728 1538 3788 inde
1550 3726 1723 3806 colligatur.
1737 3724 1787 3787 Sic
1797 3725 1877 3786 enirn
1892 3724 2054 3787 babemus:

275 3805 393 3879 rnre,si
406 3807 455 3870 cui
466 3809 594 3872 editioni
606 3823 643 3871 ex
654 3807 910 3889 tamrnriis,quae
920 3825 1004 3871 nnnc
1015 3814 1145 3883 exstant,
1188 3807 1352 3874 hecnam
1367 3811 1491 3873 Eadruc
1504 3808 1639 3882 scribac,
1655 3815 1692 3872 ut
1706 3807 1848 3886 adferret
1870 3806 1992 3870 tibrum
2013 3807 2057 3870 tc·

283 3890 449 3952 auctoritas
462 3891 624 3954 tribuenda
639 3891 679 3952 sit
692 3891 915 3970 ignoraremus.
1188 3894 1239 3970 gie
1254 3893 1382 3976 Moysis.-
1404 3891 1510 3956 atttriti
1525 3907 1598 3972 crgo
1611 3891 1806 3966 hadamuta.
1823 3905 1884 3951 nou
1901 3891 2056 3966 dixerunt,

327 3969 366 4032 tlt
385 3972 476 4051 igitur
495 3974 535 4036 ab
556 3972 691 4036 editione
713 3974 855 4036 hebraica
882 3969 1061 4048 ordiamur,
1084 3974 1146 4038 duc
1189 3981 1224 4037 ut
1245 3977 1355 4038 iterum
1371 3981 1571 4055 componeret
1586 3974 1699 4037 librum
1719 3974 1810 4052 legis,
1834 3971 1891 4036 scd
1914 3980 1947 4034 ut
1960 3972 2058 4034 adter-

277 4060 355 4114 sunt
368 4070 446 4132 quae
460 4055 588 4118 ueniunt
602 4054 633 4116 in
646 4057 870 4135 quaestionem.
886 4055 997 4128 Unum,
1010 4073 1049 4118 an
1062 4054 1146 4118 Scri·
1188 4063 1251 4120 ret.
1275 4058 1345 4136 quia
1368 4057 1507 4121 sciebant
1528 4057 1628 4119 adhuc
1649 4055 1792 4118 inveniri.
1815 4055 1974 4117 Praeterea
1998 4055 2056 4117 etsi

272 4146 364 4214 ptura
389 4137 441 4198 illa
454 4138 521 4214 ipsa
538 4153 616 4215 quae
637 4139 772 4218 allopse
793 4144 825 4200 et
843 4138 1003 4218 prophetis
1023 4139 1146 4203 condita
1189 4138 1343 4218 Scriptura
1359 4155 1439 4220 quae
1453 4139 1578 4220 publice
1593 4139 1771 4202 serrabatur
1785 4139 1816 4199 iu
1835 4139 1948 4216 templo
1964 4137 2056 4199 tuerit

275 4227 335 4290 cst,
353 4220 393 4280 ad
410 4237 468 4282 nos
483 4236 584 4299 uspue
600 4221 787 4300 peruenerit.
800 4223 945 4290 Alterum.
961 4237 1000 4284 an
1016 4236 1052 4284 ea
1067 4221 1147 4284 Scri·
1186 4221 1313 4287 incensa
1340 4230 1371 4286 ct
1393 4222 1535 4302 perierit3
1558 4227 1659 4284 maren
1680 4219 1864 4284 incredibile
1885 4225 1955 4290 est,
1994 4235 2057 4282 non

274 4308 364 4378 ptura
380 4319 462 4380 uuae
478 4303 632 4366 hebraicis
646 4303 807 4366 codicibus
821 4303 1006 4377 continetur,
1024 4320 1145 4383 perrer-
1186 4304 1283 4368 iuisse
1300 4307 1392 4368 etiam
1406 4305 1508 4383 aliqua
1529 4303 1687 4384 exempla,
1711 4304 1757 4366 vel
1780 4309 1864 4365 certe
1885 4307 1988 4380 partes
2004 4317 2058 4364 eo·

274 4397 310 4444 so
327 4387 435 4446 studio
449 4385 615 4448 tndeerum
637 4390 677 4448 ila
691 4392 833 4466 corrupta
855 4401 892 4448 ac
912 4387 1072 4466 deprauata
1093 4387 1145 4465 sit,
1188 4403 1257 4450 rum
1272 4387 1352 4468 apud
1369 4387 1500 4468 privatos
1516 4385 1668 4456 hominos.
1685 4392 1716 4448 et
1730 4387 1897 4466 praecipue
1918 4383 1999 4463 apud
2016 4385 2054 4446 h·

272 4472 306 4527 ut
320 4469 662 4530 auctoritatemnullam
677 4469 707 4530 in
724 4467 862 4532 Ecclesia
877 4475 1041 4532 mereatur.
1188 4471 1375 4538 ecchietem.
1398 4469 1569 4543 Danielem,
1593 4468 1791 4540 lliercmiam,
1815 4469 1981 4547 hggaeum,
2005 4465 2058 4529 Za·

314 4547 363 4610 lie
377 4551 482 4629 priore
497 4551 679 4631 quaestione
693 4552 807 4630 duplex
827 4553 980 4616 sententia
995 4558 1053 4614 est.
1075 4550 1140 4614 lina
1188 4554 1335 4630 chariam,
1351 4553 1578 4625 llardocbcum,
1596 4557 1626 4613 et
1641 4553 1741 4632 ipsum
1759 4550 1896 4624 llsdram,
1913 4550 1966 4628 qui
1982 4555 2056 4614 tunc

276 4647 389 4694 eornm
412 4634 466 4713 qui
481 4636 605 4706 docent,
622 4635 808 4714 Scripturam
835 4651 950 4697 sacram
973 4634 1146 4698 uniuersam
1187 4635 1338 4713 virebant,
1362 4643 1393 4699 et
1414 4635 1527 4716 quibus
1541 4635 1610 4698 sine
1624 4635 1719 4698 dubio
1735 4649 1827 4698 curae
1849 4633 1906 4696 luit
1927 4634 1977 4696 lex
1997 4631 2056 4696 llo·

275 4715 415 4794 periisse
437 4724 577 4797 tempore
592 4718 771 4796 captivitatis
785 4717 999 4797 Babylonicae.
1021 4719 1144 4796 quando
1190 4719 1276 4780 mini.

271 4797 383 4860 civitas
404 4815 524 4872 ereren,
548 4807 580 4862 et
593 4803 741 4881 templum
763 4801 925 4863 incensum
945 4799 1013 4873 init,
1036 4817 1073 4862 ac
1088 4801 1145 4863 de·
1229 4800 1283 4863 Est
1297 4816 1370 4882 ergo
1386 4801 1480 4863 altera
1496 4799 1661 4870 sententia,
1676 4798 1775 4862 tuisse
1787 4798 1913 4880 quidem
1927 4797 2055 4862 llsdram

272 4881 350 4942 inde
371 4881 412 4944 ab
441 4882 537 4944 lisdra
558 4882 654 4945 tuisse
674 4899 795 4946 rursum
816 4888 1008 4962 reparatam,
1031 4881 1143 4962 Spiritu
1190 4882 1337 4946 librorum
1353 4890 1528 4946 sanctorum
1543 4883 1789 4956 instauratorem,
1807 4897 1868 4943 non
1884 4881 1986 4942 omniu
1999 4883 2054 4944 ite·

277 4970 389 5025 sancto
404 4966 432 5026 ei
449 4972 635 5046 suggerente
650 4972 681 5027 ct
691 4967 825 5028 dictante
836 4969 950 5038 omnin,
963 4965 1043 5028 sicut
1054 4973 1142 5029 antea
1187 4982 1254 5028 rum
1271 4965 1425 5040 dictando,
1441 4966 1497 5028 sed
1511 4964 1685 5045 colligendo
1697 4971 1728 5028 et
1738 4963 1908 5028 ordinando
1920 4962 2056 5043 Scriptu-

273 5041 409 5108 luerant.
435 5047 479 5108 lta
505 5051 619 5110 sentire
640 5048 759 5110 ridetur
778 5047 910 5111 basilius
936 5047 967 5110 in
990 5048 1082 5128 epist.
1103 5047 1142 5110 ad
1186 5064 1236 5110 ras
1250 5047 1282 5111 in
1299 5065 1393 5112 unum
1410 5065 1535 5127 corpus,
1552 5065 1679 5127 quarum
1696 5053 1800 5128 partes
1814 5047 1906 5109 rarlis
1928 5047 1959 5108 in
1974 5045 2053 5109 locis

275 5125 460 5190 chilonem:
482 5129 542 5192 llic
561 5147 712 5210 campos,
732 5131 853 5212 inquit,
875 5133 913 5194 in
933 5145 997 5210 οοο
1017 5145 1146 5194 accessu
1184 5130 1355 5199 invenerat.
1372 5139 1403 5194 at
1417 5131 1508 5192 etiam
1523 5130 1729 5204 emendanda,
1753 5131 1780 5194 si
1796 5146 1874 5210 quae
1889 5130 2052 5207 depravata

269 5209 515 5288 [octodecimo
529 5229 639 5277 ommes
654 5216 781 5278 dicimos
803 5213 900 5278 libros
922 5229 965 5276 cac
985 5215 1142 5276 mandato
1187 5220 1274 5276 crant
1288 5213 1474 5294 negligentia
1489 5213 1674 5288 scribarum,
1691 5229 1760 5276 curu
1776 5217 1988 5289 tototcmpore
2004 5225 2055 5273 ca·

270 5291 333 5356 lici
349 5298 519 5358 metavit.
541 5295 623 5359 llaec
643 5297 707 5360 ille.
730 5297 851 5360 Addunt
871 5295 995 5375 quidam
1017 5295 1049 5357 in
1071 5312 1142 5358 ean·
1185 5295 1330 5442 Btivitatis
1346 5293 1540 5377 negligenter
1553 5297 1602 5358 lex
1618 5303 1735 5358 serrata
1751 5295 1801 5369 sit,
1824 5309 1893 5356 cum
1915 5309 1978 5356 uon
1999 5293 2052 5356 ha·

272 5377 350 5439 dem
373 5379 560 5440 sententiam
581 5378 753 5452 irenaeum,
768 5378 1003 5442 -Tcrtnlliannm
1026 5383 1057 5440 et
1078 5376 1146 5440 Cle·
1210 5377 1413 5442 crentJudaei
1431 5379 1578 5457 templum
1593 5387 1624 5440 et
1640 5378 1881 5442 tabernaculum.

268 5466 414 5524 mentem
444 5462 701 5536 alexandrinum,
730 5461 786 5526 sed
807 5461 936 5524 illinon
958 5467 1063 5541 aperte
1083 5460 1144 5525 hoc
1198 5489 1202 5496 ·
1228 5461 1272 5524 lta
1287 5463 1426 5525 sensisse
1448 5461 1593 5524 ridentur
1610 5459 1780 5542 grauissimi
1803 5467 1954 5522 auctores.
1977 5457 2052 5522 Nam

230 5549 235 5559 ’
270 5542 403 5605 docent.
1187 5541 1421 5626 chrysostomus
1436 5543 1543 5606 homil.
1565 5543 1596 5606 8.
1613 5546 1644 5606 in
1660 5543 1750 5623 epist.
1774 5541 1810 5603 ad
1827 5541 1922 5604 llebr.
1945 5541 2048 5617 docet,

315 5626 406 5689 llaec
420 5624 752 5706 opinioimprobabilis
766 5625 857 5688 nohis
870 5625 1000 5688 ridetur.
1022 5624 1087 5687 Non
1109 5639 1141 5687 e·
1186 5625 1314 5689 Esdram
1329 5644 1366 5689 cr
1381 5627 1520 5706 reliquiis
1535 5626 1706 5705 Scripturas
1721 5629 1832 5688 iterum
1845 5641 1911 5688 earn
1925 5639 2049 5704 compc-

270 5711 339 5771 nim
357 5711 420 5772 atio
437 5709 634 5772 laudamento
650 5708 764 5784 nititur,
780 5724 870 5789 quarn
884 5707 1059 5771 testimonio
1070 5705 1141 5769 libri
1186 5707 1300 5772 scisse.
1317 5709 1449 5772 Hilarius
1464 5707 1634 5787 praetacta
1648 5710 1725 5786 psal.
1739 5711 1790 5780 ait,
1804 5709 1929 5772 lisdram
1942 5721 2052 5770 omncs

270 5791 492 5873 apocryphiid
507 5797 567 5862 est,
580 5791 635 5853 lib.
648 5791 680 5855 l.
693 5791 808 5855 Esdrac
820 5807 888 5872 cap.
902 5790 965 5867 ta,
979 5790 1032 5856 ubi
1043 5789 1141 5852 diser·
1187 5791 1323 5870 psalmos
1338 5793 1513 5870 collegisse.
1531 5797 1561 5852 el
1575 5805 1612 5852 cx
1628 5795 1674 5853 cis
1690 5808 1783 5853 unum
1808 5793 1916 5855 librum
1945 5789 2050 5853 conte·

273 5879 313 5937 tis
330 5877 438 5940 rerbis
452 5873 608 5946 scribitur,
624 5875 750 5938 lisdrarn
769 5874 841 5938 lotis
856 5873 1053 5952 quadraginta
1076 5873 1141 5935 die·
1186 5875 1279 5938 cisse.
1296 5873 1506 5936 theodoretus
1522 5873 1646 5952 praelat.
1664 5876 1694 5935 in
1710 5875 1821 5953 psalm.
1844 5875 1895 5950 nit,
1913 5871 2049 5951 Scriptu-

274 5957 338 6022 bus
355 5960 459 6022 diuino
474 5956 583 6036 spiritu
598 5956 729 6021 uitiatum
750 5957 883 6020 dictasse
904 5954 1139 6035 quinqueviris,
1187 5971 1252 6020 ram
1274 5961 1408 6019 relercm
1430 5955 1621 6032 depravatam
1634 5947 1781 6037 'tempore
1809 5955 1988 6038 captivitatis
2009 5954 2047 6016 ab

277 6046 329 6122 qui
347 6041 639 6182 {ufflrgsseleatgu}
659 6056 738 6123 quae
759 6041 797 6106 ab
811 6038 1042 6106 codicehan'tur
1062 6039 1144 6103 erci-
1187 6037 1284 6104 lisdrn
1300 6040 1396 6104 tuisse
1409 6039 1590 6104 restitutam.
1600 6037 1686 6116 Quod
1699 6043 1779 6105 idem
1791 6038 2049 6175 mihivslgntttcas·
