4792 7009
996 678 1092 738 ttaatr
1110 671 1286 737 SECUNDUS
1898 673 1952 732 2³³

196 801 200 859 ἶ
261 821 289 878 ει
313 814 487 876 essenttom:
515 827 576 875 noo
602 810 685 877 culus
711 810 806 874 Fdio's
821 827 889 874 eum
904 812 992 875 Putre
1007 813 1116 892 spirat,
1163 807 1349 890 procederet
1369 823 1385 870 a
1408 805 1498 870 Filio:
1522 823 1580 870 occ
1602 811 1666 868 erat
1687 821 1765 885 opus
1782 825 1941 888 quaerere,
1959 829 2028 877 ano

262 898 329 978 quia
344 897 431 958 Pater
445 898 671 974 egeatauxitio,
682 896 739 958 scd
752 896 822 973 quia
834 896 1041 960 eamdemrim
1054 897 1117 973 spi·
1164 891 1243 956 Filio
1259 890 1451 970 procederet,
1469 903 1579 954 necne:
1600 905 1660 952 uon
1679 895 1760 951 enirn
1772 900 1914 956 tenemur
1926 897 2028 961 omnia

261 982 379 1043 raucam
406 979 521 1040 babent
535 979 668 1042 Poterat
682 978 790 1041 Filius.
807 978 904 1053 Adde,
922 980 1003 1056 quod
1021 979 1117 1058 Spiri·
1164 977 1258 1045 seire,
1279 975 1334 1036 sed
1353 981 1452 1036 tanrcn
1469 980 1609 1035 tenemur
1625 989 1782 1050 nunquam
1799 977 1928 1053 positive
1944 993 2027 1044 asse·

263 1072 310 1128 tos
333 1068 458 1123 sanctus
483 1062 623 1141 procedit
647 1061 826 1124 necessario
851 1078 868 1122 a
894 1063 1027 1128 duobos.
1043 1066 1115 1142 quia
1162 1071 1242 1120 rere·
1256 1070 1388 1122 carmes.
1411 1056 1516 1136 ltaque
1540 1063 1700 1134 postquam
1718 1061 1797 1118 moto
1814 1065 1860 1120 εει
1875 1064 2025 1138 quaestio,

262 1146 380 1224 alioqui
398 1159 460 1206 aon
484 1150 567 1207 εεεει
593 1143 679 1207 ιειιιε
694 1159 838 1222 persona,
855 1146 910 1204 scd
929 1146 1118 1211 coincideret
1164 1147 1195 1202 et
1218 1140 1303 1201 multi
1325 1140 1494 1219 coeperunt
1509 1154 1622 1208 errare,
1642 1153 1770 1199 tranasse
1787 1141 1843 1200 luit
1858 1145 2027 1210 remedium

261 1246 327 1292 corn
342 1228 489 1301 serundo,
502 1233 706 1289 utoslonsum
717 1233 775 1288 ast.
788 1225 1036 1301 tuquemondos
1048 1245 1118 1306 pro·
1164 1221 1324 1297 adbibere,
1348 1231 1378 1284 et
1400 1223 1459 1284 lroc
1480 1223 1581 1300 ipsum
1598 1221 1688 1283 eliam
1705 1220 1841 1282 dobniril
1856 1221 2024 1291 Concilium

260 1309 377 1375 docitur
392 1308 568 1372 necessario
583 1327 599 1369 a
616 1310 724 1379 tribus,
741 1309 927 1370 necessitate
943 1309 1117 1388 producen-
1164 1304 1375 1369 Florentinum
1401 1305 1431 1366 in
1458 1305 1535 1366 lraec
1556 1306 1659 1366 vetiti:
1677 1301 1865 1382 Definimus,
1883 1308 2025 1386 emptica·
2088 1370 2098 1391 ,

260 1398 309 1469 tis,
335 1407 396 1454 non
422 1394 606 1454 necessitate
627 1392 779 1471 producti:
795 1397 826 1452 at
841 1389 973 1467 Spiritus
988 1401 1117 1458 sanetus
1163 1387 1906 1466 tionomcerborumitlcrcmFilioquecerr'tctis
1919 1392 2024 1454 decto-

258 1477 435 1556 producitur
460 1492 477 1537 o
502 1476 625 1538 duobus
641 1472 829 1546 necessaria,
846 1475 1031 1536 necessitate
1048 1493 1116 1555 pro·
1162 1471 1292 1534 rendae
1305 1471 1425 1546 pratia.
1443 1477 1472 1532 ct
1481 1471 1671 1534 imminente
1686 1476 1762 1532 laroc
1776 1473 1974 1548 necessitate,
1990 1475 2026 1537 li-

259 1558 445 1632 ducentiom,
461 1563 492 1619 ct
508 1558 693 1620 necessitate
705 1555 858 1636 producti.
1163 1554 1224 1615 cite
1246 1555 1276 1614 at
1295 1552 1537 1617 rationabiliter
1552 1551 1700 1634 Symbola
1715 1554 1814 1630 liciam
1830 1556 2024 1633 appositam.

298 1643 394 1704 Ferlta
421 1640 507 1704 ratio.
534 1641 566 1702 Si
591 1657 608 1703 a
630 1639 707 1700 Filio
722 1638 861 1717 procedit
882 1636 1025 1715 Spiritum
1043 1656 1117 1721 ergo
1166 1647 1170 1658 '
1207 1634 1369 1697 Veniamus
1391 1651 1473 1698 nunc
1495 1636 1531 1697 ad
1554 1637 1678 1696 alteram
1702 1641 1831 1714 partem,
1848 1655 1883 1698 ac
1899 1639 2026 1704 demon·

258 1723 334 1786 Patri
357 1723 489 1785 similior
514 1729 563 1786 εει
590 1722 697 1786 Filius.
724 1737 815 1799 quam
829 1719 963 1798 Spiritus
978 1731 1115 1786 sanetus:
1163 1722 1309 1786 strenus.
1333 1718 1413 1779 hanc
1436 1718 1671 1795 explicationem
1688 1734 1703 1778 a
1722 1718 1834 1780 Latinis
1849 1720 1916 1783 sine
1932 1721 2024 1786 Grae-

258 1823 327 1869 aam
352 1805 448 1867 Filios
473 1806 568 1885 spirat
589 1820 659 1866 cam
674 1804 759 1877 nerra
775 1804 923 1880 spirante,
941 1803 1118 1883 asspirans
1163 1815 1269 1860 aarum
1285 1814 1440 1862 consenso
1455 1798 1521 1861 lleri
1537 1800 1687 1877 notuisse.
1703 1799 1814 1877 Priaro,
1828 1801 1906 1882 Papa
1919 1804 2025 1869 dorna·

256 1905 319 1950 non
344 1895 468 1966 peperat
494 1904 562 1950 cunr
578 1887 665 1948 Patre
685 1891 863 1964 generante.
879 1885 1074 1966 despondeo:
1091 1891 1117 1954 si
1163 1897 1223 1944 nus
1239 1887 1289 1944 est
1302 1881 1407 1944 Pastor
1421 1889 1451 1943 et
1466 1883 1576 1944 beator
1591 1882 1682 1944 totius
1707 1881 1875 1962 Ecclesiae,
1907 1893 1940 1949 ut
1953 1887 1984 1950 iu
2001 1893 2024 1952 i·

254 1965 388 2049 Spiritus
413 1987 429 2029 a
445 1972 512 2032 solo
528 1971 614 2032 Fatre
629 1969 777 2046 procedit,
797 1969 860 2030 lore
875 1967 1053 2032 similiorem
1069 1973 1117 2034 Fi·
1163 1979 1220 2042 1³5⁰
1237 1963 1527 2028 00⁰⁰·F10t·Gltt³ti
1543 1965 1676 2028 0⁰¹¹ft³S⁵i
1693 1971 1776 2042 som,
1794 1974 1822 2028 θῑ
1837 1976 1919 2047 balet
1934 1987 1970 2032 ex
1985 1971 2021 2034 il·

254 2055 330 2116 lium
342 2053 479 2132 Spirlai,
493 2069 581 2130 quam
594 2051 682 2123 Patri3
696 2067 765 2112 nam
782 2049 878 2111 Filius
890 2052 1034 2128 procedet
1046 2071 1116 2118 com
1161 2046 1192 2107 ¹0
1207 2045 1254 2108 10·
1272 2049 1326 2113 ult·
1342 2047 1441 2110 Patet
1457 2063 1542 2124 ooos3
1559 2061 1632 2126 tiit
1645 2053 1746 2126 Ρθῑθδῑ
1758 2051 1838 2126 litte,
1853 2053 1941 2115 eliam
1954 2057 2023 2119 sine

196 2154 197 2169 ³
256 2137 423 2215 Spiritu,et
436 2151 498 2198 noa
514 2132 834 2214 producellalretsed
852 2139 993 2194 neutrum
1008 2136 1117 2202 lrorum
1162 2128 1312 2206 Concilio,
1339 2131 1467 2192 dessttiltt
1493 2147 1544 2208 tas
1558 2149 1560 2154 ·
1572 2130 1590 2190 F
1597 2131 1669 2190 ittet:
1697 2145 1767 2190 nam
1789 2133 1860 2208 quia
1877 2143 2024 2213 pastoral

196 2238 198 2265 i
254 2222 502 2298 argumentorum
518 2217 686 2291 concludit;
712 2232 781 2276 naar
804 2214 972 2278 similitudo
988 2222 1118 2282 attendi·
1159 2212 1270 2276 titillor
1291 2213 1473 2275 universalis
1495 2219 1553 2284 est,
1570 2229 1631 2274 ¹¹⁰n
1649 2219 1748 2290 Fssltssl
1761 2229 1863 2276 etrite
1879 2233 1949 2282 tum
1966 2221 2018 2284 do·

196 2301 198 2357 i
256 2308 308 2364 tar
322 2317 359 2365 ει
372 2308 454 2381 parte
471 2301 637 2374 essentiae,
664 2313 725 2360 noo
742 2313 780 2360 ει
795 2306 880 2377 parte
895 2299 1091 2365 relationum.
1161 2301 1212 2356 ⁰01
1226 2310 1263 2356 ex
1278 2297 1433 2373 tithedt’ti
1449 2295 1561 2374 alioqui
1580 2302 1637 2357 ¹⁰¹³
1654 2293 1791 2357 Ettiessii
1805 2307 1929 2370 tritici.
1943 2318 2022 2380 quae

196 2401 198 2417 ·
1161 2376 1249 2439 illum
1265 2379 1353 2456 sequi
1371 2385 1501 2440 tenetur:
1518 2378 1647 2440 delinire
1663 2385 1762 2439 aulem
1775 2393 1826 2441 res
1840 2379 1925 2446 Fidei
1938 2388 1976 2450 ad
1988 2387 2023 2450 il·

550 2461 668 2528 cleda
689 2461 823 2524 xxvlll.
1159 2458 1383 2539 lampertirret,
1400 2461 1452 2541 qui
1469 2475 1528 2522 non
1546 2465 1647 2540 potest
1660 2469 1773 2524 cinare.

365 2582 368 2586 -
444 2575 448 2580 ι
834 2567 861 2598 υ
1203 2543 1358 2620 Secundo,
1382 2545 1500 2607 etiamsi
1523 2553 1601 2624 papo
1624 2558 1685 2605 aon
1707 2549 1791 2606 esset
1812 2551 2022 2625 postortotius

335 2629 579 2694 Βειιιεεεειιειει·
597 2632 682 2691 recte
696 2629 818 2706 sacrorn
833 2627 1035 2698 additionem
1159 2621 1331 2700 Ecclesiae,
1356 2643 1415 2690 nec
1429 2633 1535 2705 posset
1549 2625 1678 2688 delinire
1693 2631 1916 2692 controuersias
1931 2633 2018 2700 Fidei

539 2711 646 2788 illum,
669 2711 829 2791 Filioque.
1161 2707 1230 2770 sine
1257 2706 1406 2771 Concilio:
1435 2716 1535 2772 tamen
1555 2725 1619 2770 non
1636 2715 1796 2787 propterea
1814 2714 2022 2790 requireretur

1160 2787 1329 2852 Concilium
1347 2790 1527 2854 Graecorum
1543 2797 1573 2852 el
1587 2791 1772 2862 Latinorum,
1789 2794 1844 2856 sed
1865 2795 2021 2865 sufficeret

298 2879 446 2957 Superest
459 2875 637 2949 ostendere,
653 2873 777 2938 Latinos
791 2872 930 2952 potuisse
945 2876 1115 2942 etdebuis·
1162 2869 1333 2934 Concilium
1361 2875 1477 2954 aliquot
1508 2875 1724 2954 episcoporum
1745 2875 1783 2936 ab
1805 2877 1871 2954 ipso
1892 2896 2020 2948 romano

196 2986 198 3027 r
245 2977 297 3024 vse
320 2961 471 3040 explicare
487 2959 665 3039 Symbolum
681 2958 823 3020 addendo
837 2957 919 3018 illam
936 2961 1114 3037 particulam
1158 2954 1305 3033 pontiaco
1321 2963 1531 3021 convocatum.
1547 2956 1601 3019 Est
1613 2957 1695 3019 enim
1707 2957 1773 3036 ipsc
1786 2957 1833 3036 tut
1844 2960 2019 3050 minimum)

251 3045 415 3124 Filioque:
431 3043 614 3121 caprimum
630 3041 800 3112 ostendam,
817 3039 964 3104 debuisse
987 3042 1115 3123 Synrbo·
1157 3035 1275 3117 primae
1297 3037 1575 3118 seatseprsropos.
1592 3047 1622 3102 et
1636 3039 1703 3101 sine
1719 3041 1787 3117 ipso
1803 3041 1936 3106 concilia
1952 3065 2016 3114 non

196 3180 197 3187 ,
251 3128 318 3190 lom
344 3127 509 3204 explicam
537 3124 650 3187 deinde
675 3122 1113 3202 idpotuisselacereLatiuos
1160 3119 1274 3182 babent
1300 3121 1404 3196 witti,
1432 3131 1462 3184 et
1489 3122 2020 3201 lumtbtohabentutloscdacet
2061 3169 2069 3188 ·

196 3248 197 3251 =
250 3211 323 3273 sine
339 3209 475 3272 Graecis.
1159 3200 1299 3264 Gelasius
1322 3203 1353 3265 in
1377 3211 1448 3268 tom.
1472 3205 1511 3268 de
1534 3206 1613 3266 rinc.
1630 3203 1783 3267 anathem.
1802 3206 1873 3269 llam
1889 3209 2015 3280 ilrmitas

196 3342 197 3351 ,
294 3292 381 3367 Quod
396 3306 469 3369 ergo
484 3289 625 3352 debuerit
640 3286 784 3367 erptteari
797 3285 987 3367 Symbolum,
1002 3291 1111 3367 proba.
1159 3281 1364 3348 correctorum
1388 3303 1448 3348 non
1472 3289 1567 3349 oritur
1582 3303 1618 3350 ει
1634 3288 1828 3352 multitudine
1844 3297 1874 3354 et
1888 3293 2015 3359 dirersi-

247 3381 313 3436 tur.
329 3374 402 3436 Nam
418 3373 627 3436 necessarium
642 3378 690 3434 est
704 3373 741 3433 ad
754 3369 896 3442 salutem,
909 3387 970 3432 oon
983 3375 1112 3438 credere
1157 3369 1217 3429 tete
1243 3369 1471 3448 episcoporum.
1498 3373 1553 3434 sed
1580 3381 1616 3433 ex
1643 3372 1837 3434 connexione
1852 3389 1920 3436 eura
1942 3378 2017 3444 sede

249 3455 402 3536 Spiritum
413 3462 551 3518 sanetum
563 3472 580 3517 a
592 3454 755 3518 sotorum
767 3453 948 3529 procedere
962 3469 1035 3534 erqo
1048 3464 1111 3519 orta
1156 3446 1247 3520 Petri,
1265 3451 1313 3511 bui
1331 3452 1518 3515 dictumest:
1536 3454 1658 3532 Royavi
1669 3469 1729 3530 pro
1751 3460 1790 3527 ie,
1808 3461 1843 3517 tti
1856 3471 1925 3521 itttlt
1939 3459 2016 3540 deii·

247 3535 389 3614 haeresi,
415 3553 495 3617 quae
517 3537 647 3600 docebat
662 3536 807 3615 Spiritum
823 3551 841 3596 a
855 3536 925 3597 solo
939 3536 1025 3599 Patre
1040 3557 1111 3618 pro·
1157 3531 1223 3593 ciat
1246 3535 1342 3596 Fides
1357 3541 1425 3597 trra.
1442 3534 1540 3598 Lucae
1557 3537 1608 3599 22.
1627 3537 1655 3598 id
1672 3538 1753 3616 quod
1770 3540 1859 3600 etiam
1877 3545 2018 3620 exempla

244 3623 378 3694 cedere,
405 3620 511 3683 debuit
525 3618 664 3687 adbiberi
678 3616 848 3681 remedium
864 3632 920 3695 per
933 3621 1108 3698 explicatio·
1156 3617 1314 3677 testantur.
1338 3616 1410 3678 Nam
1433 3617 1601 3680 Concilium
1619 3619 1808 3682 ariminense
1819 3621 1928 3684 'babuit
1943 3623 2016 3691 ccc.

245 3719 338 3779 nem,
355 3703 425 3782 quia
440 3703 555 3765 debent
569 3703 634 3764 lolli
649 3699 830 3764 occasiones
844 3700 978 3762 errandi.
1156 3697 1342 3775 episcopos,
1370 3700 1477 3778 partim
1494 3702 1639 3778 Graecos,
1655 3703 1762 3781 panim
1779 3703 1910 3767 latinos:
1928 3713 1958 3770 et
1972 3713 2018 3770 ta·

289 3787 440 3850 Probatur
464 3784 662 3847 antecedens.
688 3783 761 3845 Nara
776 3781 960 3845 Athanasius
974 3783 1007 3845 in
1024 3784 1110 3864 Sym·
1156 3793 1227 3842 men
1243 3781 1313 3858 quia
1329 3795 1473 3846 romanus
1486 3786 1652 3864 episcopus
1664 3786 1821 3862 dissensit,
1834 3802 1958 3865 semper
1968 3798 2018 3856 est

243 3869 337 3942 bolo,
352 3867 406 3930 ubi
422 3867 597 3944 posuerat'a
611 3866 699 3928 Patre
713 3872 744 3927 et
758 3865 835 3926 Filio
850 3869 910 3925 etc.
927 3864 1012 3926 dicit:
1026 3868 1112 3933 llaec
1155 3859 1295 3924 habitum
1308 3879 1469 3928 erroneum
1484 3867 1521 3930 ab
1535 3869 1690 3942 Omnibus,
1705 3875 1764 3928 tam
1778 3868 1911 3944 Graecis,
1926 3889 2018 3950 titiam

245 3958 298 4016 est
311 3949 392 4029 fides
409 3949 583 4023 catholico,
599 3963 701 4028 qoam
712 3946 927 4026 caecataque
936 3947 1109 4026 naamam,
1155 3941 1283 4006 barinis.
1311 3945 1429 4019 Contra,
1459 3949 1628 4012 Corrailium
1644 3949 1684 4012 ΙΙ.
1713 3949 1782 4011 lac.
1800 3951 2017 4032 episcoporum

243 4034 512 4111 impietatemque
533 4032 730 4103 aeroauerit,
743 4031 781 4092 in
795 4031 1108 4108 acernamperiba.
1156 4039 1349 4103 graecorum,
1366 4032 1520 4111 elinque
1536 4033 1639 4095 nultos
1655 4031 1709 4094 luit
1722 4033 1896 4108 latinorum,
1914 4038 1983 4114 quia
1999 4055 2017 4100 a

244 4117 287 4179 lit
305 4117 336 4178 in
353 4115 445 4194 epist.
461 4115 499 4177 ad
515 4113 676 4194 Serapion.
692 4113 772 4191 apud
788 4112 819 4173 d.
836 4110 980 4172 Tbomaor
994 4113 1109 4192 (lpum,
1155 4107 1300 4186 pontifice
1313 4111 1441 4176 Damaso
1454 4114 1664 4178 confirmatum
1677 4116 1766 4188 ioit‚a
1780 4115 2017 4193 quadriminen·

244 4205 336 4262 cont.
363 4213 460 4260 error.
487 4195 595 4271 Graec.
617 4195 833 4273 lactopaod,
850 4192 960 4270 inquit,
974 4199 1113 4262 mandat
1157 4205 1193 4252 sa
1213 4189 1311 4252 luerat
1332 4197 1538 4273 reprobatum,
1562 4209 1687 4277 semper
1700 4196 1834 4259 babilam
1851 4205 1898 4260 εει
1912 4201 1942 4262 in
1960 4201 2014 4265 bo·

242 4281 435 4358 Apostolus,
450 4277 841 4342 cameracumtominem
852 4281 923 4353 part
934 4290 1041 4340 cnam
1054 4288 1113 4346 cut
1156 4287 1246 4366 nore.
1260 4273 1407 4340 Videmus
1422 4277 1514 4360 igitur
1529 4297 1545 4343 a
1561 4280 1636 4345 sede
1651 4281 1730 4343 Petri
1746 4279 1951 4345 conciliorum
1966 4283 2017 4348 lla·

244 4365 391 4427 αιιειαιιι
416 4363 651 4440 correptiorem
675 4360 792 4428 omno.
819 4359 1111 4440 etiarnsipucsci·
1156 4361 1291 4418 mitatem
1307 4373 1389 4422 essa.
1851 4407 1855 4416 .

244 4451 330 4511 deca
356 4461 433 4508 cnm
445 4445 538 4507 liclia
550 4445 693 4507 cometes
704 4457 765 4522 per
777 4437 870 4512 εέιε,
887 4445 916 4501 ει
931 4457 1006 4506 eum
1018 4444 1124 4510 Petro·
1198 4437 1310 4516 Fortia,
1338 4442 1455 4506 etiamsi
1466 4461 1556 4524 papa
1570 4461 1631 4507 non
1648 4450 1732 4508 esset
1747 4449 1834 4523 caput
1852 4445 1944 4510 totius
1959 4447 2016 4512 Ee·
2078 4465 2084 4480 ·

244 4534 277 4592 et
293 4530 412 4610 dlopce,
421 4528 512 4588 ⁴eicco
524 4529 606 4606 pede
620 4527 781 4588 comantes
794 4527 914 4593 moria.
927 4525 995 4587 reici
1009 4526 1112 4606 spen.
1157 4518 1281 4595 etesiae,
1299 4538 1357 4585 nec
1372 4526 1488 4602 primae
1504 4529 1586 4590 sedis
1603 4529 1780 4608 episcopus,
1797 4528 1852 4590 sed
1869 4546 1949 4593 unus
1964 4549 2016 4610 pa·

242 4615 483 4675 camerariam
494 4608 831 4688 profiteanrarlteam.
844 4607 1114 4676 meenliotttmeae
1156 4602 1287 4666 triarcba
1309 4607 1404 4670 ailrilo
1426 4611 1523 4694 major
1544 4613 1684 4684 caeteris,
1708 4612 1810 4674 adbuc
1831 4609 1935 4676 Graeci
1953 4629 2015 4678 non

242 4697 314 4760 ileo
328 4692 415 4757 Filio
430 4693 628 4764 existentem,
644 4690 903 4754 coarctantem
916 4693 1114 4758 naturaliter
1155 4692 1286 4762 possent
1310 4693 1455 4768 conqueri
1482 4700 1607 4772 propter
1620 4693 1708 4754 istam
1725 4695 1921 4756 additionem.
1940 4695 2013 4758 Nam

242 4778 356 4840 Deum
382 4777 539 4856 penitam,
567 4774 776 4838 aaranmirer
798 4789 842 4837 eac
853 4775 917 4838 lieo
931 4772 1027 4836 Patre
1042 4778 1113 4842 exc.
1155 4767 1204 4828 vel
1219 4771 1357 4845 quaestio
1373 4780 1420 4836 est
1433 4774 1472 4837 de
1488 4775 1573 4852 Fido,
1591 4777 1636 4838 rel
1652 4778 1690 4838 de
1706 4777 1775 4851 ritu,
1793 4777 1882 4852 idest,
1901 4777 1947 4837 rel
1961 4795 2013 4839 no·

242 4867 399 4931 stentem,
413 4865 450 4921 rat
463 4873 523 4921 nos
534 4857 735 4936 prodieram.
751 4868 804 4919 roe
816 4872 885 4920 non
898 4857 1050 4934 pompina,
1062 4859 1113 4921 vr.
1155 4847 1223 4910 luat
1239 4851 1343 4916 Graeci
1359 4856 1438 4919 trane
1454 4858 1652 4930 additionem,
1670 4860 1739 4936 quia
1756 4865 1803 4922 est
1815 4859 1886 4920 laisa
1900 4864 1930 4920 et
1942 4875 2016 4922 eon·

242 4944 287 5006 de
316 4941 429 5005 similia
453 4942 519 5002 loca
545 4939 646 5021 cyrilli
668 4946 699 5002 et
713 4938 874 5018 Epipbauii
888 4941 970 5022 apud
985 4940 1017 5003 b,
1032 4942 1111 5006 ‘rpo-
1155 4936 1200 5025 tra
1216 4933 1332 5005 Fidem,
1349 4937 1394 4998 rel
1411 4941 1481 5017 quia
1496 4941 1568 5003 lioet
1582 4941 1622 5006 sit
1632 4955 1713 5017 vera,
1728 4947 1828 5004 tamen
1842 4957 1902 5004 non
1916 4941 2015 5020 placet

243 5041 333 5089 mam
350 5026 381 5086 in
397 5023 512 5106 bpusc.
528 5032 610 5085 cont.
626 5022 732 5084 Graec.
1154 5013 1264 5112 illisio
1279 5017 1435 5100 Symbola.

289 5110 452 5171 Praeterea
467 5106 613 5185 probatur
626 5121 663 5166 ει
677 5105 802 5167 decreto
817 5103 944 5168 concilii
960 5105 1107 5169 Florenti·
1197 5099 1229 5163 Sr
1244 5108 1291 5164 est
1305 5107 1444 5181 quaestio
1459 5107 1497 5169 dc
1508 5107 1579 5168 ritu:
1593 5111 1677 5170 certe
1688 5106 1767 5170 siout
1779 5105 1864 5170 multi
1877 5106 1927 5169 alii
1940 5113 2014 5170 sunt

244 5192 294 5264 ni,
320 5190 375 5252 ubi
391 5189 438 5251 sic
451 5187 794 5266 babeturzbefinr'mrta,
809 5195 846 5249 ret
859 5187 1048 5251 baeeFidm·
1059 5205 1111 5253 aa·
1155 5182 1233 5246 ritus
1248 5183 1358 5250 diversi
1375 5186 1560 5252 Graecorum
1575 5195 1604 5252 ει
1621 5189 1803 5265 Latinorum,
1821 5198 1851 5252 et
1866 5205 1925 5252 nou
1943 5203 2014 5268 pro·

243 5271 391 5337 ritasob
406 5271 554 5333 omnibns
571 5269 758 5333 Christiania
773 5271 934 5348 medetur,
958 5287 997 5333 ac
1010 5273 1112 5335 maci·
1155 5271 1262 5362 pterea
1275 5265 1342 5330 beri
1357 5267 1450 5334 debet
1464 5272 1609 5349 schismm
1625 5273 1663 5333 ila
1679 5273 1768 5336 etiam
1783 5274 1841 5336 iste
1853 5274 1928 5336 ritus
1941 5272 2016 5333 talo·

242 5358 377 5438 picem,
393 5355 473 5434 quio
487 5353 626 5433 Spiriim
636 5357 767 5416 εειιειιιε
781 5367 803 5414 a
816 5351 910 5417 Putre
920 5352 1043 5417 chr‘lio
1058 5372 1111 5418 oe·
1155 5363 1218 5412 carl
1238 5350 1355 5429 poterat
1369 5353 1436 5420 sine
1452 5354 1630 5417 schismate.
1646 5354 1804 5418 Praeterea
1820 5360 1920 5434 potest
1934 5369 2016 5418 unus

245 5438 425 5502 tcmraliter
443 5443 497 5499 eat.
514 5436 652 5514 lienique
666 5434 881 5498 rationalium
896 5438 1022 5500 credere
1034 5436 1112 5517 Spi-
1156 5431 1368 5510 episcopusin
1384 5451 1438 5498 sua
1452 5437 1588 5500 Ecclesia
1605 5438 1736 5516 aliquem
1752 5439 1843 5499 ritum
1857 5437 2015 5501 instituere

242 5522 344 5584 ritum
370 5533 430 5582 noa
457 5533 528 5582 esse
554 5535 570 5581 a
594 5517 682 5591 Filio,
699 5522 758 5590 est,
776 5521 809 5577 ot
823 5518 1109 5595 demonstravimus,
1156 5511 1224 5605 siue
1238 5529 1394 5580 consensu
1410 5519 1552 5599 aliorum3
1565 5527 1677 5601 quanto
1688 5521 1858 5600 magistota
1871 5519 1951 5582 uatlo
1962 5519 2015 5582 ba·

244 5620 341 5668 error
356 5608 459 5666 contra
475 5599 660 5678 scriptoram
677 5615 750 5680 erqo
765 5602 941 5664 necessario
955 5601 1108 5664 vitandus.
1156 5597 1289 5656 tinorum
1303 5599 1411 5661 simul?
1860 5615 1863 5628 ·

245 5685 307 5749 list
320 5693 424 5750 tamen
436 5685 496 5746 boc
510 5683 578 5746 loco
590 5681 903 5757 animaduertendum,
915 5699 976 5746 noo
987 5699 1112 5763 semper
1154 5715 1159 5720 ·
1197 5675 1228 5738 Si
1244 5684 1346 5739 aulem
1359 5682 1498 5758 quaestio
1512 5690 1560 5747 est
1574 5683 1614 5746 de
1628 5682 1715 5745 Fide:
1731 5699 1791 5746 aon
1808 5689 1938 5762 possunt
1949 5685 2016 5764 qui·

244 5767 467 5832 necessarium
489 5765 597 5838 tuisse,
612 5782 676 5829 noo
690 5765 818 5830 eredere
833 5779 896 5827 aon
910 5781 1013 5829 esser
1030 5765 1110 5829 Filio
1143 5755 1226 5820 dem
1244 5757 1377 5824 Concilio
1393 5766 1588 5844 provincialia
1604 5766 1652 5828 rel
1667 5767 1829 5830 nationalia
1845 5767 1958 5847 aliquid
1974 5763 2017 5830 ita

246 5851 401 5932 Spiritum
416 5855 570 5912 sanctum:
585 5865 655 5912 nam
669 5855 830 5928 antequam
845 5847 976 5910 oriretm
990 5854 1020 5910 et
1035 5846 1112 5911 dell·
1155 5840 1297 5918 delinire,
1321 5849 1354 5909 ot
1373 5847 1473 5908 statim
1497 5847 1609 5910 debeat
1628 5849 1666 5910 ab
1688 5850 1832 5912 omnibus
1847 5851 1954 5927 recipi3
1971 5856 2013 5910 ta·

243 5936 372 5998 niretur
385 5933 536 6014 quaestio,
553 5933 627 5995 satis
641 5937 705 5994 erat
718 5933 855 6003 eredere,
870 5929 1042 6010 Spirituma
1058 5930 1111 5992 Fa·
1156 5939 1226 5985 men
1244 5933 1373 6004 possunt
1387 5926 1526 6002 dellnlre,
1543 5929 1637 5993 etalii
1654 5945 1715 5993 non
1727 5931 2015 6010 deberrteonqueri,

246 6022 298 6082 tre
319 6017 512 6099 procedere,
535 6015 567 6080 io
589 6029 649 6096 qao
669 6013 883 6080 includebatur
903 6011 1005 6093 etiam,
1028 6013 1112 6094 quod
1156 6006 1220 6072 scd
1237 6007 1380 6091 probare,
1396 6011 1423 6078 si
1439 6011 1567 6080 riderint
1581 6029 1731 6080 ramesse
1746 6014 1827 6081 beon
1842 6012 2013 6079 delinitam:
