4792 7009
380 1266 416 1277 ,‚
597 1488 602 1497 -
723 1387 1396 1562 nunnoni
1485 1390 1710 1563 aar
1882 1382 1887 1391 ·

1011 1745 1419 1860 marmannorum.

1123 2067 1296 2084 m

883 2407 885 2412 ’
954 2440 1158 2549 arnan
1210 2397 1471 2549 renatos

1135 2729 1277 2739 --—---

668 3132 788 3199 CAPUT
809 3132 836 3195 l.
1230 3132 1321 3195 nium
1338 3131 1499 3212 perhibet.
1515 3132 1596 3195 rsut.
1615 3132 1687 3195 trs.
1703 3131 1753 3195 lta
1765 3132 2069 3205 mitriintelleetuna
2086 3139 2120 3196 ct

669 3257 670 3265 .
1230 3216 1404 3278 cunctabor
1431 3216 1534 3295 tepora
1549 3220 1654 3277 mano.
1670 3214 1813 3278 Ibidem:
1830 3216 1986 3279 Reoetaba
2002 3217 2118 3279 acutas

312 3298 522 3379 scripturam
541 3312 613 3361 nan
628 3312 697 3360 essa
712 3301 783 3381 tarn
795 3300 947 3375 apertam
958 3309 1019 3375 per
1031 3310 1077 3370 se,
1092 3300 1130 3358 nt
1143 3297 1186 3359 si·
1229 3313 1329 3373 meas,
1349 3302 1380 3360 ct
1393 3296 1607 3361 considerabo
1624 3296 1795 3359 mirabilia
1815 3299 1856 3360 aa
1873 3298 1941 3377 tape
1957 3306 2028 3360 tna.
2052 3298 2119 3361 lhi-

351 3396 396 3445 ne
421 3379 642 3457 eaptioatiana
663 3377 806 3460 sufficiat
825 3380 870 3442 ad
885 3379 1118 3442 controuersias
1132 3379 1186 3443 Fi·
1231 3380 1314 3442 deur:
1331 3380 1468 3459 Faciem
1478 3383 1572 3441 tuunn
1581 3378 1739 3441 illumina
1748 3394 1991 3457 superuacuam
2004 3385 2119 3453 tunna,

355 3462 410 3526 dci
425 3461 665 3525 terminandas.
1231 3466 1262 3524 at
1274 3463 1354 3525 aoec
1367 3477 1419 3523 nae
1427 3459 1680 3542 justificationes
1695 3466 1781 3523 tuas.
1795 3460 1832 3522 llt
1847 3466 1931 3524 certe
1944 3461 2038 3523 Duria
2056 3478 2117 3522 aa·

1230 3550 1315 3606 rarat
1329 3549 1424 3605 totam
1439 3542 1641 3622 Scriptorum,
1655 3558 1738 3621 quae
1754 3547 1828 3605 tuno
1844 3547 1920 3612 erat,
1938 3549 1970 3604 et
1986 3550 2120 3605 noverat

1233 3625 1364 3705 phrases
1379 3625 1504 3703 linguae
1518 3624 1721 3699 haebraicae,
1737 3640 1798 3686 nec
1810 3630 1875 3687 erat
1887 3625 2047 3704 superbus
2062 3628 2120 3688 aut

316 3640 508 3788 scripturis
538 3706 570 3769 in
591 3705 652 3769 hae
680 3704 770 3768 tertio
792 3704 848 3767 lib.
873 3704 913 3767 de
932 3704 1187 3787 interpretatione
1208 3712 1209 3716 ’
1230 3706 1379 3769 inhietis.
1396 3705 1546 3779 Quocirca
1563 3706 1672 3768 marita
1689 3706 1723 3770 S.
1742 3705 1950 3800 hieronymus
1969 3708 2000 3769 ta
2017 3706 2118 3785 epist.

312 3788 484 3852 dirtnarunr
498 3788 678 3860 hiterarum,
689 3788 727 3849 ab
740 3788 792 3848 illa
803 3787 985 3865 quaestione
998 3788 1186 3869 principium
1232 3790 1269 3851 ad
1286 3788 1459 3864 Paulinum,
1476 3792 1610 3849 tractans
1625 3788 1705 3850 lraea
1723 3788 1827 3862 rerba,
1843 3804 1890 3850 sae
1905 3788 1970 3850 ait:
1989 3786 2027 3851 Si
2040 3794 2120 3852 tau·

311 3868 488 3933 iaciendum
506 3869 678 3933 esseduxi:
695 3868 991 3947 sintneSaripturae
1008 3886 1186 3949 sncraeper
1231 3877 1282 3933 tras
1293 3870 1456 3948 Propheta
1471 3868 1618 3933 tenemus
1632 3870 1845 3949 a'pnarantiac
1858 3868 2120 3949 confiteturnqua
2201 3871 2202 3874 ’

313 3966 349 4014 se
364 3951 542 4027 facillimae,
561 3958 653 4029 atque
668 3950 874 4029 apertissima
893 3968 931 4013 an
946 3968 1018 4015 uera
1034 3952 1185 4031 intorpre·
1229 3970 1290 4017 nas
1309 3958 1409 4032 putas
1428 3952 1597 4032 paruulos,
1621 3957 1652 4014 et
1669 3966 1757 4031 pena
1779 3952 1932 4015 lactentes
1957 3952 2114 4016 inscitiae

314 4033 431 4096 tatione
457 4034 629 4113 indigeant.
655 4032 693 4094 Et
715 4033 840 4111 quidem
869 4033 1185 4098 llartinusLutheras
1229 4035 1569 4100 nactanraurnaani?

313 4117 446 4194 praelat.
463 4122 575 4177 essert.
592 4115 678 4177 artic.
692 4130 708 4177 a
721 4115 825 4179 Leone
840 4116 949 4178 Pontii.
967 4116 1115 4189 damnat,
1138 4118 1186 4179 sie
1271 4118 1443 4193 Praeterea,
1470 4117 1570 4178 bacae
1594 4116 1651 4177 ult.
1667 4114 1822 4179 Dominus
1846 4114 2117 4194 interpretabatur

315 4196 380 4259 uit:
400 4198 536 4275 Oportet,
555 4197 727 4277 Scriptura
735 4196 862 4274 judice,
890 4198 977 4261 hane
990 4199 1187 4261 sementiam
1232 4199 1405 4279 Scripturas
1416 4198 1579 4278 discipulis
1594 4198 1672 4269 suis,
1685 4197 1740 4275 aui
1754 4204 1840 4259 certe
1854 4203 2004 4261 aarerunt
2017 4198 2113 4277 phra-

311 4278 409 4357 scrra,
428 4281 517 4359 qnod
531 4278 603 4356 bari
617 4296 687 4343 non
699 4284 813 4357 potest,
836 4281 904 4343 uisi
927 4280 1116 4359 scripturae
1131 4282 1186 4343 ‹le-
1231 4297 1284 4343 ses
1299 4281 1468 4343 llehraiaas
1489 4295 1561 4342 aum
1583 4284 1690 4341 esseut
1703 4278 1855 4353 Hebraei,
1877 4294 1937 4341 nea
1952 4286 2043 4341 erant
2059 4296 2115 4342 su·

312 4362 460 4423 acaunus
474 4362 659 4439 pancarpum
674 4362 781 4425 lacuna
794 4363 832 4424 in
847 4362 1010 4439 omnibus,
1028 4378 1114 4442 quoe
1129 4362 1184 4424 tri·
1230 4364 1319 4440 perbi
1346 4362 1394 4425 rel
1420 4360 1577 4424 infideles.
1596 4360 1698 4422 Actor.
1721 4359 1755 4424 8.
1778 4359 1951 4423 Eunuchus
1973 4358 2116 4441 Reginae
2201 4363 2202 4428 3

307 4440 462 4505 beantur
477 4441 641 4518 Patribus,
657 4443 717 4505 bac
732 4450 787 4517 ast,
804 4449 841 4505 ut
855 4444 896 4506 sit
908 4444 983 4521 ipsa
997 4460 1057 4523 per
1069 4460 1104 4507 aa
1119 4460 1185 4506 aar·
1230 4443 1417 4525 Aethiopum
1443 4443 1622 4506 versabatur
1649 4442 1681 4504 iu
1706 4441 1883 4519 scripturis,
1908 4458 2025 4520 easque
2039 4442 2113 4505 dili·
2201 4493 2202 4502 .

313 4524 450 4596 tunimo,
474 4524 645 4601 toaitttnaa,
669 4525 877 4601 apertissima
893 4526 1065 4603 suiipsius
1086 4526 1186 4588 iater-
1231 4531 1342 4605 genter
1362 4525 1496 4605 legebat,
1519 4531 1551 4587 et
1571 4530 1708 4600 sanatus,
1738 4524 1809 4602 pius
1835 4530 1866 4586 et
1888 4524 2017 4586 humilis
2032 4530 2112 4600 erat,
2201 4529 2202 4598 t

309 4622 397 4683 pree,
417 4606 566 4667 amacium
585 4606 865 4685 amolaproboas,
877 4606 1049 4683 judicans,
1066 4607 1184 4670 etiltn·
1230 4614 1264 4670 ut
1278 4606 1484 4686 Hieronymus
1509 4606 1611 4681 docet,
1639 4607 1672 4667 iu
1698 4606 1793 4683 epist.
1822 4607 1861 4668 ad
1888 4606 2050 4668 Paulinum
2068 4607 2111 4669 de
2191 4632 2197 4639 ·

312 4688 447 4749 minans
475 4693 533 4749 etc.
561 4687 682 4749 Ibidem
707 4689 876 4760 contendit,
903 4688 1090 4768 Scriptorum
1113 4704 1185 4752 esse
1230 4690 1317 4752 stud.
1334 4688 1462 4766 Saript.‚
1486 4694 1517 4751 et
1538 4694 1639 4749 tamen
1662 4686 1870 4765 interrogatus
1896 4688 2104 4767 al’hilippa:

313 4769 478 4832 clariorem
501 4770 639 4833 omniurn
665 4768 785 4831 latrum
802 4767 1049 4835 Commentariis.
1067 4769 1185 4833 Similia
1229 4771 1329 4833 Putas
1342 4770 1509 4849 inmitium,
1527 4784 1613 4848 qrrac
1629 4769 1738 4845 lepis?
1758 4770 1927 4847 respondit
1942 4786 1953 4830 .·
1971 4770 2011 4831 ln
2027 4785 2110 4849 qua·

314 4849 405 4913 docet
420 4850 452 4911 in
469 4849 524 4912 lib.
541 4852 580 4912 de
597 4866 659 4913 ser.
676 4850 755 4925 urb,
774 4856 804 4913 et
819 4850 905 4911 alibi.
1228 4853 1327 4916 unedo
1340 4868 1483 4931 passum,
1498 4851 1566 4913 nisi
1579 4851 1702 4930 aliquis
1716 4852 1893 4913 ostenderit
1905 4851 2000 4913 nini.

355 4930 432 5001 Quia
448 4939 549 4993 tamen
566 4931 855 4995 videbathulharus
870 4936 1049 5011 usurpasse
1065 4930 1158 5011 abjici
1174 4950 1182 4992 :
1271 4934 1414 5012 lienique
1428 4932 1460 4994 2.
1477 4933 1557 4994 Petri
1572 4934 1641 5004 ult,
1665 4932 1699 4992 B.
1715 4932 1825 4993 Petrus
1847 4932 1973 5005 asserit,
1989 4931 2020 4995 in
2037 4932 2107 5011 epi·

313 5012 398 5074 uude
415 5013 477 5074 sint
491 5018 535 5074 tot
550 5015 768 5091 controversia,
781 5014 809 5077 si
822 5013 978 5091 Scriptura
991 5021 1039 5077 est
1050 5020 1109 5075 tarn
1122 5015 1182 5076 cla·
1231 5015 1413 5078 stalisPauli
1428 5029 1500 5076 esse
1515 5014 1667 5091 quaenam
1679 5011 1816 5075 difficilia
1828 5014 2002 5086 intellectu,
2015 5028 2107 5094 atrae

313 5110 345 5155 ru
361 5094 376 5155 t
392 5092 454 5156 dua
470 5093 582 5171 effugia
597 5096 790 5175 excogitauit.
813 5095 925 5169 Unum,
949 5097 1031 5175 quod
1049 5096 1184 5173 Scriptu-
1229 5097 1355 5160 indocti
1366 5103 1395 5159 et
1405 5094 1573 5159 instabiles
1584 5096 1779 5172 depravant.
1788 5094 1846 5157 Ubi
1858 5096 2029 5158 natandum
2040 5102 2103 5166 est,

314 5192 358 5248 ra,
383 5175 634 5239 etiamsi¹aliaubi
652 5179 691 5239 sit
707 5178 851 5252 obscura,
872 5182 974 5241 tamen
1002 5178 1078 5239 illud
1102 5177 1184 5239 idem
1231 5180 1409 5256 Apostolum
1425 5179 1547 5239 Petrum
1563 5192 1626 5238 nou
1643 5176 1771 5251 dixisse,
1788 5192 1860 5240 esse
1878 5176 2029 5255 quaeum
2046 5177 2107 5249 utr-

313 5256 386 5329 allhi
412 5259 494 5321 ctare
510 5264 672 5337 proponat.
688 5260 835 5335 Alterum,
859 5261 942 5338 quod
958 5259 1125 5339 Scriptura,
1149 5259 1185 5320 li·
1230 5260 1323 5322 licilia
1349 5260 1482 5323 indoctis
1508 5265 1539 5321 et
1563 5258 1773 5330 instabilibus,
1796 5264 1830 5320 ut
1844 5259 1992 5321 lraeretiai
2007 5273 2108 5339 expo·

314 5344 364 5400 aet
385 5356 441 5418 per
463 5356 497 5403 se
513 5340 698 5415 clarissima,
713 5346 818 5403 tamen
834 5340 979 5419 superbis
1003 5348 1034 5405 el
1052 5340 1184 5403 iuhdeli·
1230 5348 1319 5417 aunt,
1343 5342 1400 5405 sed
1422 5340 1559 5403 difficilia
1584 5340 1739 5402 absolute.
1755 5339 1829 5402 Nam
1845 5342 1879 5404 h.
1897 5340 2103 5420 Augustinus,

313 5418 373 5481 bus
395 5422 435 5482 sit
456 5422 589 5487 obseura
611 5421 651 5487 ob
673 5439 782 5487 eorum
803 5424 981 5486 eaecitatem
1004 5432 1035 5486 ct
1058 5437 1185 5501 pravum
1232 5424 1285 5503 qui
1300 5428 1384 5486 certa
1399 5422 1544 5484 indoctus
1559 5427 1590 5483 at
1605 5420 1759 5484 instabitis
1772 5438 1838 5485 nan
1853 5427 1919 5485 erat
1933 5423 1988 5483 lib.
2001 5422 2043 5485 de
2054 5422 2106 5484 lii·

315 5499 470 5565 allectum.
744 5532 746 5541 v
1232 5504 1271 5567 de
1287 5510 1317 5567 et
1331 5503 1451 5583 operib.
1465 5520 1536 5581 aap.
1555 5502 1605 5565 l5.
1622 5510 1653 5565 et
1669 5502 1719 5565 to.
1736 5503 1861 5577 tutetur,
1877 5504 1938 5567 sibi
1954 5503 2105 5566 difficilli-

356 5580 449 5643 hddit
463 5584 603 5649 Brentius
618 5586 649 5649 in
665 5587 787 5665 Proleg.
805 5592 909 5649 eontra
932 5586 1055 5649 Petrum
1081 5603 1097 5648 u
1113 5584 1185 5649 Sota
1232 5600 1316 5648 mum
1328 5602 1400 5649 esse
1413 5585 1569 5647 intellecta
1583 5585 1687 5647 lacurn
1698 5584 1835 5661 illumi.
1846 5586 1916 5649 Car.
1929 5584 1961 5647 3.
1978 5585 2014 5647 sn·
2029 5586 2106 5666 quis

318 5662 442 5725 tertium
457 5664 615 5745 altegiam,
633 5671 714 5747 quad
739 5669 832 5732 etiam
847 5668 1002 5731 interdum
1018 5670 1056 5741 sit
1072 5668 1184 5731 ohsau·
1232 5674 1342 5731 autam
1355 5664 1607 5746 superaedificat
1619 5682 1720 5745 super
1730 5667 1985 5743 {tmdamcntmn
1997 5673 2057 5729 cta.
2073 5673 2108 5731 et

318 5760 364 5817 ra,
380 5751 506 5821 propter
521 5748 651 5823 phrases
667 5752 787 5815 alienae
803 5750 939 5831 linguae,
953 5751 1044 5825 idest,
1058 5749 1185 5812 llehrai·
1230 5751 1316 5823 dicit,
1339 5750 1425 5811 hune
1446 5764 1518 5810 esse
1541 5765 1637 5810 unum
1652 5765 1691 5810 ex
1705 5749 1768 5812 illis
1790 5750 1880 5827 loeis,
1898 5765 1977 5829 quae
1992 5748 2024 5810 b.
2045 5748 2102 5811 Pa·

323 5840 378 5887 oue
394 5833 425 5887 at
439 5825 585 5901 Graecae,
601 5836 701 5892 tarnen
714 5849 828 5896 sensus
844 5834 914 5913 ejus
930 5833 1121 5895 clarissimus
1133 5833 1185 5893 sit.
1232 5838 1298 5895 trus
1312 5830 1431 5893 monuit
1446 5846 1518 5893 esse
1533 5830 1667 5893 ditllcilia
1682 5830 1855 5894 intellectu.

322 5906 408 5983 Quae
423 5910 574 5970 sententia
592 5913 750 5977 manifeste
766 5916 840 5977 ialsu
857 5921 926 5978 est:
945 5932 1014 5977 narn
1028 5914 1185 5993 Scriptura
1272 5912 1404 5987 Deinde,
1430 5918 1553 5992 praeter
1574 5912 1751 5991 Scripturae
1772 5912 1996 5986 testimonium,
2020 5911 2108 5977 idern

322 5986 392 6067 ipsa
408 5980 447 6054 de
462 6006 518 6055 sua
533 5989 712 6058 difficultate
734 6000 825 6075 atque
840 5997 1025 6063 obscuritate
1049 5996 1184 6063 testimo·
1234 5994 1357 6061 ostendi
1378 6000 1482 6077 potest
1497 6010 1535 6059 ux
1550 5993 1706 6059 communi
1722 6010 1881 6063 consensu
1894 6001 2034 6062 retumn
2050 5996 2109 6059 la·
