4792 7009
405 718 444 777 ho
1096 713 1141 775 nh
1160 713 1270 775 VERBQ
1289 715 1347 777 nni

331 846 721 931 portaverinnioridonei
736 850 937 931 interpretem
954 854 1046 931 atque
1062 847 1102 915 lta
1117 847 1207 911 malti
1254 851 1286 915 at
1310 850 1524 929 menifestum
1544 866 1728 920 aemuouem
1751 852 1928 929 nemum,
1958 853 2125 935 quomodo

332 948 457 998 errores
471 933 755 1007 committerentur,
783 936 837 1015 qai
851 950 916 999 non
942 937 1075 1015 possent
1100 936 1211 1013 postea
1252 934 1783 1017 amotuririquoddieitmteritie
1797 938 1888 1003 enim
1913 936 1954 999 ira
1980 951 2063 1001 nero
2079 936 2125 998 lo·

330 1014 423 1079 tacita
438 1014 518 1092 tolli,
533 1033 606 1081 eum
621 1032 726 1098 neque
738 1016 918 1095 Pontiiices,
946 1030 1051 1097 neque
1066 1012 1206 1085 concilia
1252 1023 1398 1097 poenica.
1410 1016 1449 1079 Et
1459 1018 1552 1081 iutra:
1570 1018 1709 1085 &orem
1723 1022 1851 1101 unguo,
1866 1020 2003 1099 spirituo
2029 1034 2125 1083 meua

332 1097 373 1167 de
388 1103 433 1161 tot
446 1097 564 1179 linguis
575 1098 718 1195 judicare
732 1101 866 1181 possint.
1250 1104 1335 1176 orot3
1352 1116 1443 1163 mene
1458 1105 1569 1165 autem
1581 1118 1658 1165 mco
1669 1104 1743 1165 aine
1754 1104 1866 1182 [ιιιειιι
1895 1107 1953 1164 εει.
1972 1097 2060 1176 outo
2073 1118 2124 1164 er·

373 1178 526 1259 Septimo,
555 1182 677 1246 ridetur
696 1182 824 1245 omnino
853 1180 999 1261 majestas
1022 1176 1204 1323 ffffimfflm
1247 1181 1306 1261 goi
1322 1181 1425 1246 Oroba
1439 1183 1571 1263 optritae,
1587 1185 1687 1247 orabo
1702 1191 1865 1249 cimento:
1886 1182 2034 1263 pontiam
2057 1184 2124 1262 api·

330 1259 503 1326 officiorum
518 1265 679 1344 requirere
694 1264 832 1345 linguam
848 1262 947 1343 magis
962 1278 1034 1341 grav
1086 1265 1133 1325 et
1153 1275 1205 1322 ae·
1248 1264 1329 1336 ritu,
1350 1265 1494 1343 peullam
1508 1272 1538 1329 ει
1547 1273 1666 1331 uacum
1684 1267 1853 1331 Caeterum
1871 1264 2126 1329 ribertcdioterio

331 1345 516 1417 uerendum,
532 1362 624 1425 quarn
639 1346 703 1410 siat
716 1346 788 1409 illae
801 1345 915 1425 quibus
931 1344 1023 1425 vulgo
1039 1342 1165 1415 utimur,
1176 1340 1204 1403 si
1249 1347 1379 1423 spiritu,
1397 1348 1456 1427 qui
1468 1349 1599 1427 supplet
1614 1350 1867 1423 loeumioiotoe,
1896 1348 2061 1427 puouwuc
2077 1349 2125 1409 rii-

331 1424 364 1491 id
380 1427 544 1491 commode
558 1426 624 1491 sseri
640 1429 751 1508 possit:
768 1426 955 1491 Praesertim
977 1442 1047 1489 enm
1059 1425 1091 1487 in
1107 1423 1204 1487 sacris
1251 1434 1300 1490 cei
1313 1430 1414 1493 imeri
1426 1445 1527 1509 super
1542 1438 1635 1494 tuom
1649 1430 1937 1495 benedictionem?
1951 1430 2127 1508 'quonium

331 1510 490 1589 mysteriis
503 1510 595 1572 malta
611 1511 686 1587 sint,
703 1526 783 1588 quaa
798 1514 917 1573 secreta
931 1523 1004 1573 esse
1026 1506 1153 1578 debant,
1171 1510 1205 1569 ut
1252 1512 1335 1589 puin
1349 1513 1442 1575 uicos
1455 1514 1570 1575 nescit:
1585 1531 1667 1577 nom
1680 1520 1715 1577 tu
1729 1515 1866 1594 quidem
1893 1510 1974 1574 boue
1997 1512 2125 1592 gratioe

332 1593 427 1653 etiam
443 1600 564 1655 ueteres
579 1591 881 1673 docentllionysius
893 1592 993 1659 c.i.ct
1006 1590 1063 1653 ult.
1078 1588 1203 1651 nectes.
1251 1595 1334 1672 ogis,
1350 1595 1408 1656 aeri
1419 1594 1501 1657 niter
1513 1611 1583 1659 uon
1597 1594 1803 1676 aedificatur.

333 1672 496 1737 llierarch.
513 1672 665 1754 Origenes
679 1676 766 1739 hom.
784 1676 815 1739 5.
832 1674 864 1737 in
890 1673 980 1737 llam.
1007 1670 1139 1733 Basilius
1165 1671 1205 1733 de
1293 1675 1494 1753 Respondeo:
1511 1676 1670 1756 inprimis
1698 1686 1817 1742 certam
1839 1690 1924 1749 esse,
1951 1674 1987 1739 in
2010 1690 2122 1753 magna

333 1754 416 1834 Spir.
431 1761 530 1819 sanct.
547 1772 617 1835 cap.
641 1757 694 1821 27.
717 1756 961 1838 chrysostomus
983 1754 1070 1815 bom.
1096 1752 1149 1813 tt.
1171 1753 1205 1813 ia
1250 1760 1338 1835 parte
1353 1756 1450 1838 bajus
1465 1759 1576 1837 capitis
1593 1777 1654 1823 non
1670 1762 1720 1840 agi
1735 1761 1775 1822 de
1790 1758 1927 1821 lectione
1949 1756 2124 1836 Scriptura·
2203 1793 2204 1796 =

330 1836 437 1901 haran.
454 1843 486 1901 et
501 1836 668 1919 Gregorius
683 1838 740 1901 lib.
757 1840 788 1902 i.
805 1836 926 1918 ilialog.
944 1853 1014 1915 cap.
1030 1834 1082 1897 56.
1100 1834 1205 1913 Neque
1250 1854 1332 1913 runa,
1345 1855 1406 1901 neo
1421 1840 1461 1902 de
1476 1840 1588 1905 officiis
1615 1842 1742 1915 diuinis,
1766 1841 1824 1905 sed
1845 1840 1885 1902 da
1906 1839 2124 1902 exhortatione

332 1919 371 1981 ari
386 1935 452 1982 rem
465 1925 513 1982 est
527 1921 694 2001 responsio
709 1920 871 1993 liemnitii,
889 1918 942 1998 qai
958 1923 1087 1981 conatur
1101 1922 1206 1979 osten·
1250 1920 1416 1999 spirituaii,
1432 1921 1498 1985 siae
1514 1922 1693 1988 collatione.
1709 1922 1846 1986 illenim
1875 1922 1950 1985 olim
1979 1920 2123 1983 lionacbi

333 2000 422 2077 dere,
436 2018 499 2065 non
516 2017 588 2065 ossa
604 2004 667 2066 uilo
689 2004 783 2067 modo
808 2002 946 2065 Latinam
974 2001 1111 2079 linguam
1134 2015 1206 2061 san·
1250 2002 1332 2065 inter
1353 2019 1388 2066 se
1403 2005 1644 2082 conveniebant,
1671 2011 1703 2069 et
1728 2004 1933 2069 conterebant
1960 2002 2001 2066 de
2025 2002 2123 2065 rebus

333 2082 477 2161 ctiorem,
495 2084 594 2164 magis
606 2085 826 2162 venerandam,
844 2100 935 2164 quam
957 2088 1103 2145 ,caeterae
1129 2081 1206 2143 sint.
1250 2084 1483 2164 spiritualibus,
1513 2088 1597 2151 unde
1624 2088 1761 2152 existant
1789 2086 1975 2150 collationes
1998 2082 2124 2165 Patrnru

333 2162 400 2229 lion
417 2168 501 2230 enim
517 2166 651 2230 dicimus
665 2182 738 2231 esse
754 2167 940 2231 sanctiorem
956 2180 1016 2227 nec
1031 2160 1122 2225 etiam
1138 2180 1207 2242 gra·
1250 2166 1333 2246 apud
1349 2166 1542 2246 Cassianum,
1560 2171 1601 2233 ita
1617 2172 1710 2233 etiam
1733 2169 1879 2248 inprime
1908 2166 2063 2241 ilcclesia,
2090 2174 2126 2229 ut

332 2248 464 2325 riorem,
481 2248 506 2311 si
523 2250 616 2312 rerba
631 2258 823 2328 spectemus,
840 2248 897 2311 sed
912 2247 1047 2309 dioimus
1062 2244 1123 2307 bon
1136 2246 1206 2325 ipso
1231 2326 1234 2333 A
1249 2248 1367 2312 indicat
1380 2250 1414 2315 h.
1429 2248 1572 2314 Iustinus
1587 2253 1620 2314 in
1634 2252 1697 2315 ilne
1719 2250 1850 2331 bpolng.
1881 2248 1927 2325 2.,
1954 2248 2123 2313 convenie-

335 2344 409 2393 essa
424 2330 597 2411 grauiorem
613 2337 644 2395 et
658 2332 757 2413 magis
778 2330 1005 2405 reverendam,
1032 2326 1117 2407 quoa
1142 2343 1207 2389 non
1249 2330 1328 2394 hant
1349 2330 1513 2396 Christiani
1530 2334 1643 2397 diebus
1659 2333 1844 2407 homiaieis,
1859 2338 1891 2394 et
1915 2331 2052 2413 primurn
2077 2332 2123 2393 le·

334 2417 384 2477 est
404 2414 553 2493 uulgaris.
1250 2414 1404 2493 genantur
1423 2415 1614 2493 Scripturae,
1631 2416 1747 2479 deinde
1762 2414 1857 2478 flebat
1871 2414 1982 2477 concio
2007 2412 2047 2475 ab
2061 2411 2125 2474 iin-

373 2494 430 2557 ilis
445 2496 591 2559 ornnibus
603 2494 752 2559 accedant
763 2500 941 2559 sanctornm
952 2488 1206 2573 grauissimorum
1249 2495 1357 2572 tistite‚
1373 2501 1440 2559 ium
1454 2498 1695 2561 celebrabantur
1707 2498 2027 2578 mysteriapostremo
2041 2495 2125 2558 inter

331 2570 456 2641 Patram
468 2578 658 2653 testimonia,
675 2578 780 2659 Basilii
797 2578 913 2659 graeci,
928 2583 959 2639 et
970 2573 1149 2655 Hieronymi
1165 2574 1208 2635 la·
1251 2594 1287 2642 se
1299 2578 1340 2641 de
1353 2578 1449 2642 rebus
1461 2579 1574 2643 diuinis
1588 2595 1752 2643 sermones
1768 2578 1956 2642 miscebant.

333 2658 405 2737 lini,
422 2660 617 2739 quiquidem
634 2678 697 2723 non
709 2660 893 2741 indicabant
907 2656 1067 2737 expedire,
1095 2661 1129 2717 ut
1142 2670 1208 2717 om·
1298 2659 1341 2723 iio
1355 2660 1451 2740 igitur
1466 2662 1674 2727 turbationem
1688 2668 1812 2743 pareret
1836 2658 2012 2733 multitudo,
2042 2656 2125 2737 hpo·

335 2756 394 2805 nes
409 2740 553 2805 homines
579 2743 649 2807 sinc
674 2743 800 2806 delectu
826 2742 1001 2821 Scripturas
1027 2741 1205 2813 tractarent,
1251 2742 1352 2806 stolus
1368 2744 1555 2820 instituerat,
1571 2745 1682 2809 ntdno
1697 2751 1751 2808 aut
1766 2750 1829 2807 tres
1851 2748 1968 2805 mnium
1996 2740 2031 2803 in
2058 2740 2129 2803 sin-

332 2822 456 2887 etiamsi
471 2823 503 2887 id
516 2840 578 2888 aon
594 2831 703 2903 posset
716 2841 753 2889 ao
775 2831 917 2903 tempore
931 2820 1021 2885 laeiie
1049 2818 1207 2899 impediri,
1250 2824 1334 2905 gulis
1348 2825 1568 2891 collationibus
1579 2828 1829 2907 loquerentar‚et
1839 2823 1955 2888 caeteri
1967 2822 2123 2891 audirent,

333 2922 406 2969 eum
420 2921 533 2986 graeca
545 2907 682 2971 etlatiaa
694 2906 799 2985 lingua
811 2904 999 2985 quibasdam
1012 2901 1138 2982 populis
1153 2904 1208 2964 ad·
1251 2923 1288 2969 ac
1314 2905 1533 2987 diiudicarent,
1557 2915 1589 2971 et
1602 2912 1630 2971 si
1646 2910 1724 2972 iorte
1735 2910 1809 2971 darn
1825 2922 1909 2971 unas
1934 2905 2064 2975 diceret,
2080 2904 2125 2965 ai·

331 2986 397 3051 huo
411 2994 520 3053 essent
535 2990 693 3067 vulgares.
708 2990 816 3053 lietcrt
827 2987 947 3051 Theod.
963 2985 1020 3049 lib.
1036 2984 1067 3045 l.
1083 2982 1158 3045 hisi.
1175 2998 1205 3046 c.
1251 2986 1310 3050 teri
1326 2986 1511 3069 inspiratum
1526 2990 1638 3055 luisset
1651 2990 1768 3069 aliquid
1785 2988 1912 3062 meiius,
1941 2991 1975 3051 ut
2002 2985 2125 3067 primus

333 3068 385 3133 ll.
415 3087 487 3133 oum
512 3069 691 3135 Praoiectus
719 3072 843 3135 culinae
865 3066 1066 3147 Imperatoris
1096 3065 1206 3129 nescio
1253 3073 1592 3135 moeretetsecnndns
1607 3075 1800 3153 loqueretur.
1815 3068 1940 3151 Etonia
1961 3068 2045 3149 apud
2068 3067 2127 3131 Co·

331 3150 409 3231 quid
424 3152 644 3234 descriptoris
659 3153 853 3233 protulisset,
870 3167 942 3215 enm
958 3167 977 3221 ,a
992 3162 1104 3227 magno
1122 3144 1207 3209 Basi·
1251 3150 1386 3216 rintbios
1400 3154 1557 3217 interdurn
1571 3156 1669 3235 aliqui
1683 3158 1783 3230 erant,
1799 3153 1854 3233 qui
1873 3158 1908 3215 at
1930 3155 2128 3213 ostentarent
2203 3179 2204 3226 p

332 3232 375 3297 lio
388 3236 616 3315 reprehensum
629 3234 908 3299 audivissessleum
923 3236 968 3295 eat
983 3229 1208 3309 depuimcuic‘a
1251 3233 1734 3318 donumiinguarnmperegrina
1745 3237 1851 3316 lingua
1863 3232 2128 3310 utebantur,.ipo·

333 3317 574 3395 cogitauerim
588 3319 744 3397 dogmate
762 3318 880 3381 diuino
892 3316 1086 3395 ιιεεοᾳιιενε.
1113 3311 1205 3391 Quid,
1252 3316 1352 3381 stolas
1367 3334 1423 3381 eos
1437 3319 1576 3400 corrigit:
1594 3336 1666 3383 nam
1677 3318 1910 3384 exhortationes
1922 3315 1962 3379 ab
1976 3315 2130 3379 ornnibus

335 3398 481 3477 obsecro,
498 3416 583 3463 nunc
598 3400 720 3464 diceret
733 3416 761 3463 s.
778 3399 923 3475 Basilius,
940 3398 967 3460 si
984 3397 1208 3475 pharmacopn·
1253 3399 1371 3463 debent
1385 3399 1531 3479 intelligi.

330 3480 391 3557 trs,
407 3487 543 3556 satores,
559 3488 764 3563 caeterosque
779 3480 920 3561 opihces,
934 3478 1025 3542 etiam
1041 3492 1059 3540 e
1074 3476 1206 3557 pulpitis
1293 3480 1380 3545 Hanc
1391 3497 1463 3547 esso
1474 3498 1578 3546 aeram
1586 3482 1813 3564 expositionem
1823 3476 2057 3563 majorispartia
2067 3476 2129 3539 hu·

332 3578 420 3626 sacra
435 3564 558 3643 eloquia
573 3569 705 3628 tractare
727 3566 810 3644 apud
836 3562 1043 3631 lutheranae,
1074 3558 1207 3623 calvini·
1249 3560 1304 3643 jus
1319 3562 1431 3644 capitis
1446 3565 1580 3645 intelligi
1594 3572 1709 3646 potest,
1726 3571 1791 3627 tum
1814 3580 1852 3627 ex
1866 3580 1906 3627 eo
1931 3560 2016 3643 quod
2041 3561 2131 3623 buno

335 3650 414 3723 sias,
430 3650 523 3727 atque
538 3646 755 3726 anabaptistae
780 3645 927 3709 ridereti
951 3642 1206 3721 hieronymusin
1253 3646 1358 3709 iocum
1373 3646 1414 3708 ita
1429 3646 1621 3727 interpretati
1636 3654 1712 3711 sant
1724 3646 1869 3723 Veteres,
1898 3644 2072 3725 Cyprianus
2093 3640 2128 3704 in

333 3728 429 3807 epist.
445 3728 484 3791 ad
498 3728 661 3793 Paulinam
677 3729 716 3793 de
730 3729 819 3793 Stad.
837 3728 987 3807 Scriptur.
1021 3722 1113 3799 Quod
1138 3740 1208 3787 mo·
1253 3728 1349 3807 epist.
1363 3728 1401 3791 ad
1416 3728 1612 3809 Pompeiam,
1629 3737 1661 3793 et
1675 3731 1707 3793 in
1722 3728 1816 3809 epist.
1846 3728 1886 3791 ad
1907 3725 2070 3805 Quirinum
2086 3724 2130 3786 de

332 3808 484 3875 dirorum
499 3816 555 3887 eet,
573 3813 685 3891 inquit,
701 3812 896 3891 promittunt
909 3808 1041 3879 medici,
1065 3812 1209 3870 tractarat
1252 3808 1372 3874 haeret.
1395 3811 1655 3894 rebaptia.,oujus
1670 3813 1897 3893 expositionem
1912 3805 2130 3873 laudatbiiu·

331 3892 469 3971 fobriit‘u
479 3894 578 3973 [obri.
597 3894 675 3957 Solo
689 3893 937 3973 Scripturorum
950 3906 1005 3953 ore
1017 3893 1074 3963 εει,
1104 3904 1208 3968 parom
1255 3893 1401 3971 gostinus
1417 3894 1473 3956 lib.
1490 3894 1522 3958 2.
1539 3895 1579 3959 de
1593 3896 1712 3976 Baptis.
1729 3901 1815 3958 cont.
1830 3892 1944 3954 Donat.
1960 3908 1990 3953 o.
2005 3887 2038 3951 8.
2051 3890 2129 3949 item

332 3976 397 4038 sibi
408 3978 534 4055 poesim
548 3992 659 4041 omues
672 3977 857 4040 circuibant.
875 3974 1054 4039 Scribimus
1068 3971 1206 4048 indocti,
1252 3973 1387 4039 Basilius
1401 3975 1435 4038 in
1450 3984 1573 4055 quaest.
1584 3978 1696 4041 breait.
1710 3979 1826 4053 explic.
1839 3977 1962 4054 quaest.
1978 3968 2129 4033 iteam·

333 4058 484 4139 doctique
498 4064 653 4137 poemata
665 4060 801 4139 possim,
829 4058 916 4121 laone
941 4054 1081 4135 garrulo
1105 4069 1206 4131 oeus,
1253 4055 1393 4133 brasias,
1409 4058 1568 4134 sedulius,
1582 4060 1715 4141 Harma,
1730 4058 1959 4127 Theodoratns,
1973 4058 2005 4114 ct
2025 4051 2129 4115 Oeen·

333 4140 420 4205 bono
435 4140 568 4223 delyraas
597 4157 712 4216 senem
740 4140 827 4205 bano
856 4139 1003 4219 sophista
1029 4133 1207 4214 norbanus,
1255 4140 1424 4203 meniasin
1438 4142 1652 4205 baneiacam:
1668 4149 1734 4205 turn
1750 4142 1843 4204 etiarn
1871 4134 2026 4201 exaerbis
2047 4134 2130 4211 lpo-

332 4220 419 4287 nom
434 4224 584 4289 matacrei
597 4228 826 4304 praesumunt,
844 4223 1005 4299 lucerent,
1028 4222 1211 4299 autequam
1254 4221 1338 4284 stoli.
1354 4222 1427 4285 itam
1442 4224 1519 4288 iilud
1535 4225 1715 4304 Prophetae
1729 4226 1809 4296 uuo,
1825 4226 1884 4283 out
1905 4226 1969 4283 trec
1998 4216 2128 4289 dicunt,

336 4306 477 4370 ιιιεειιειι.
1257 4309 1287 4367 ει
1300 4304 1628 4384 coeteri-diiudicent:
1645 4306 1683 4369 ht
1697 4307 1774 4369 illuri
1805 4304 1842 4365 Si
1857 4302 1920 4366 ulii
1945 4298 2130 4393 revelatum
2203 4321 2204 4366 ι

377 4387 462 4461 Quae
478 4387 657 4468 iliarongrni
674 4387 868 4467 querimonia
895 4401 980 4449 nanc
1005 4382 1138 4446 maxima
1163 4382 1209 4445 lo·
1254 4384 1367 4463 merit,
1381 4388 1475 4465 prior
1489 4394 1605 4451 toccot:
1622 4389 1661 4451 ht
1674 4389 1751 4452 iilud
1766 4387 1915 4450 Mulieres
1928 4382 1968 4445 ire
1980 4380 2131 4443 llocieaao
2203 4383 2204 4396 ¹

335 4485 406 4531 cum
424 4470 519 4531 habet
533 4470 565 4531 in
579 4475 638 4531 totu
655 4468 817 4532 Germania
829 4474 860 4531 et
874 4468 982 4531 Gallia.
996 4465 1112 4527 Omnes
1125 4464 1209 4526 enim
1256 4470 1557 4543 taceant,etsin1iiia
1573 4473 1668 4533 molta
1684 4470 1810 4534 nonnisi
1826 4468 1864 4529 ad
1879 4464 2128 4529 exhortationem

334 4552 477 4631 opiilces,
494 4565 556 4613 nnn
571 4551 674 4617 solum
688 4551 756 4626 riri,
779 4550 836 4613 sed
852 4549 944 4613 etiam
960 4548 1115 4611 loerninae
1127 4546 1209 4609 Sari·
1254 4552 1364 4614 reterri
1379 4558 1525 4631 possunt:
1542 4571 1612 4617 nam
1628 4554 1722 4616 lectio
1737 4553 1965 4628 Scripturarum
1977 4551 2009 4607 et
2023 4544 2129 4607 divina

333 4640 442 4713 pluras
457 4632 573 4696 bahent
587 4633 620 4695 ia
636 4633 793 4709 manibus,
821 4637 853 4695 ei
872 4647 910 4695 ex
939 4644 1045 4693 earum
1071 4628 1208 4693 lectione
1254 4632 1354 4695 cilicia
1370 4650 1433 4696 aon
1448 4635 1565 4699 debent
1579 4653 1595 4697 a
1610 4636 1774 4715 Prophetis
1789 4629 1967 4712 dijudicari:
1979 4642 2041 4722 nec
2053 4632 2129 4721 tono

334 4714 373 4778 ad
389 4714 575 4795 imperitiam
589 4731 677 4779 suam
694 4716 867 4795 adiungunt
881 4713 1104 4776 indocilitatem
1119 4716 1209 4773 etar-
1253 4714 1445 4794 inspirantur
1459 4734 1530 4779 cum
1545 4718 1703 4798 leguntur,
1719 4717 1776 4779 sad
1790 4716 1854 4795 iam
1874 4713 1949 4775 oiim
1977 4712 2129 4801 inspirata

333 4799 517 4878 rogantium.
531 4796 607 4871 Quia
623 4797 708 4863 enirn
722 4800 856 4877 possunt
870 4794 962 4859 uerba
975 4794 1115 4873 Apostoli
1127 4792 1208 4855 reei-
1253 4799 1433 4860 recitantur:
1457 4816 1517 4863 nec
1532 4817 1670 4879 unquam
1687 4800 1837 4862 mulieres
1865 4795 1898 4857 in
1924 4789 2129 4883 aeriman-

334 4886 411 4954 iare,
429 4886 460 4943 et
474 4882 610 4959 allegare
623 4881 720 4943 libros
732 4887 763 4942 et
777 4879 890 4955 capita,
908 4884 1017 4956 putant
1045 4891 1080 4938 se
1102 4876 1207 4937 omnia
1253 4879 1323 4941 rina
1336 4879 1481 4959 mysteria
1496 4882 1744 4945 celebraverunt.
1774 4881 1819 4941 lle
1834 4875 2048 4941 exhortatione
2071 4886 2129 4950 iga·

334 4962 429 5031 seire,
452 4978 512 5025 nec
534 4962 707 5026 ullomodo
723 4961 829 5024 doceri
845 4976 879 5023 se
897 4955 1206 5038 patiuatortlioeio:
1254 4961 1534 5043 turinteiiiguntnr
1549 4965 1601 5026 iila
1626 4966 1721 5027 rerba
1749 4962 1841 5024 nobis
1865 4959 2000 5021 obiecta:
2018 4952 2056 5016 sr·
2075 4954 2130 5015 in·

335 5042 522 5109 Coebiaeum
546 5044 578 5105 in
594 5046 651 5108 lib.
667 5045 705 5107 de
718 5044 772 5107 ait.
796 5048 827 5106 et
841 5048 901 5105 ael.
919 5040 1010 5105 huila.
1028 5038 1100 5103 anni
1114 5037 1207 5114 1522,
1256 5049 1379 5106 ecatorn
1391 5060 1503 5109 uocem
1517 5046 1573 5109 (ιιι
1586 5046 1677 5122 tubo,
1703 5046 1778 5126 puis
1794 5040 1930 5124 puroott
1956 5054 1991 5100 ee
2005 5036 2053 5132 nal
2064 5034 2129 5096 bei·

579 5164 582 5167 .
1256 5124 1410 5189 lumilto
1423 5133 1453 5189 et
1472 5144 1602 5207 uesper
1625 5128 1799 5207 linguam,
1821 5126 1891 5188 nisi
1917 5118 2130 5196 manifestum

1255 5222 1439 5287 ammonem
1452 5210 1619 5285 ιιειιειιιιε,
1635 5211 1798 5290 puonwclo
1827 5208 1950 5269 ametur
1975 5202 2015 5266 itt
2039 5199 2130 5279 guod

662 5288 782 5354 CAPUT
804 5288 884 5353 lilii.
1255 5288 1652 5355 diciturten'tr'sena‘mio
1665 5292 1940 5369 oeralopueratea.

1296 5370 1332 5431 it
1346 5372 1734 5437 manetadbucdifflcultas
1749 5374 1789 5437 de
1800 5371 1865 5435 iilis
1875 5362 2032 5431 acrniszsr'
2040 5377 2128 5458 orent

441 5456 620 5524 nomentio
634 5454 828 5535 objectiones
843 5454 1095 5518 homericarum.
1256 5451 1531 5533 impermeabiles
1545 5471 1637 5518 meus
1652 5462 1844 5533 arcemone
1858 5457 1971 5515 autom
1989 5461 2067 5509 meo
2085 5460 2129 5507 aa·

1254 5550 1298 5599 ue
1309 5534 1421 5613 fructu
1431 5543 1487 5600 εει.
1508 5536 1593 5614 Quiri
1607 5542 1704 5619 erpo?
1721 5536 1824 5603 orabo
1838 5535 1970 5615 optrito,
1982 5524 2085 5592 orobo
2101 5528 2133 5588 et

379 5618 442 5683 Sed
457 5619 629 5699 rideamus,
647 5619 722 5702 qaid
744 5618 791 5683 illi
806 5621 912 5683 contra
929 5614 1088 5679 obiiciant.
1105 5613 1209 5679 Primo
1255 5623 1374 5681 mente:
1389 5619 1534 5699 penitam
1547 5623 1679 5700 spiritu,
1693 5620 1837 5700 prolium
1851 5624 1881 5681 ει
1890 5619 2009 5680 amate:
2026 5613 2133 5672 coete-

339 5702 424 5778 loeo,
440 5702 601 5781 proterunt
615 5705 708 5767 rerba
724 5702 757 5766 S.
774 5700 860 5766 Pauli
889 5716 928 5763 ex
942 5700 1046 5779 priora
1072 5696 1110 5761 ad
1137 5696 1207 5761 Gor.
1253 5715 1332 5764 mam
1343 5703 1374 5763 ai
1388 5700 1597 5767 beneuineru
1611 5704 1732 5782 optrito
1747 5747 1757 5775 ,
1779 5701 1841 5780 pur·
1867 5696 1997 5778 supplet
2022 5694 2135 5756 iocum

339 5802 411 5865 cup.
429 5784 480 5848 il.
496 5784 550 5849 ubi
566 5785 730 5863 apostotus
745 5786 849 5857 docet,
878 5782 1020 5863 publicas
1046 5780 1209 5844 Ecclesiae
1254 5782 1390 5859 inlotae,
1407 5786 1569 5865 quomodo
1585 5787 1671 5848 dicet
1684 5785 1785 5847 lmen
1804 5798 1906 5861 super
1921 5786 2014 5843 tuom
2037 5772 2135 5871 berte·

338 5868 492 5931 lectiones
508 5873 539 5929 et
554 5881 664 5947 preces
680 5868 796 5931 debere
812 5866 879 5929 lieri
895 5866 1000 5945 lingua
1016 5866 1146 5943 uulgari,
1163 5863 1211 5925 sie
1256 5864 1450 5931 dictionem?
1471 5868 1724 5948 qraoniornquiti
1738 5866 1831 5929 ιιιειιε
1844 5864 1959 5929 amoti.
1975 5860 2011 5923 in
2029 5857 2082 5953 bis
2097 5870 2134 5918 e·

340 5949 423 6013 enim
439 5950 625 6013 aitzlltenim
637 5949 667 6011 aa·
679 5949 841 6013 incertam
851 5962 962 6011 uocem
976 5946 1029 6010 ctat
1043 5944 1211 6025 taburnio
1256 5946 1322 6009 nim
1337 5948 1443 6013 serbis
1462 5966 1528 6013 aon
1541 5948 1582 6013 de
1603 5948 1831 6025 exhortatione,
1845 5945 1903 6013 seri
1928 5944 1968 6009 rie
1981 5938 2136 6025 precibus

337 6032 469 6113 porubit
483 6049 517 6099 re
532 6033 579 6097 oti
593 6030 729 6095 betium?
743 6030 794 6095 lto
808 6036 839 6095 et
851 6045 907 6094 noa
920 6045 981 6109 per
996 6026 1212 6110 tiopuommi·
1258 6034 1290 6095 et
1303 6028 1434 6097 Psalnis
1448 6031 1500 6113 agi
1510 6032 1643 6099 udatur.
1658 6030 1718 6097 libi
1731 6030 1835 6101 obiter
1849 6027 2045 6097 nouaaaan
2068 6026 2133 6103 est,
