4792 7009
442 649 497 707 rn
569 599 574 609 ⁸
1052 625 1096 710 nn
1115 645 1255 711 conano
1275 641 1452 707 0000000
2184 645 2185 713 l

353 789 466 846 tortus:
480 783 661 864 incictionr,
676 785 750 868 qnia
762 785 817 851 ista
830 782 930 850 omnic
950 783 1038 867 sigim
1053 776 1219 850 lueruntin
1309 781 1375 846 Pari
1389 773 1516 854 ratione,
1533 793 1677 843 romanae
1689 779 1846 844 acclesiae
1866 776 2046 856 adhaerere,
2064 781 2137 842 aute

353 868 490 930 Ecclesia
502 865 663 945 catholice,
693 878 855 950 antequam
885 871 1089 934 Antichristus
1113 885 1220 934 eorum
1268 881 1382 928 annum
1397 864 1517 928 honrini
1533 861 1604 926 000.
1629 865 1749 942 signum
1773 863 1838 936 luit,
1856 870 1886 926 et
1909 865 2070 927 character
2081 864 2136 924 ho·
2182 858 2185 936 l

355 950 501 1031 opinione
513 953 720 1032 apparuisset.
1269 951 1360 1010 minis
1377 963 1446 1010 rere
1462 948 1615 1014 oettrclici.
1628 946 1740 1009 Scribit
1754 947 1948 1025 Augustinin
1962 945 2134 1025 epistiet.
2182 959 2183 964 ’

393 1031 528 1094 Prirnum
541 1035 635 1114 igitur
651 1051 689 1098 ex
703 1042 785 1099 textu
807 1034 984 1111 hebemus,
1014 1035 1223 1099 characterem
1268 1031 1307 1094 00
1320 1031 1485 1102 ceciliano,
1503 1032 1552 1109 qni
1566 1027 1670 1091 floruit
1683 1029 1764 1090 circa
1778 1045 1894 1091 0000οι
1922 1029 2046 1091 Domini
2062 1028 2133 1090 000.

355 1130 450 1176 unum
465 1114 675 1187 loturumnon
692 1120 815 1182 mullos.
828 1117 956 1198 Semper
971 1119 1054 1180 eninr
1069 1120 1099 1181 in
1116 1135 1222 1182 nume·
1269 1113 1376 1179 Paceni
1390 1129 1459 1177 nort
1472 1127 1590 1176 000000
1614 1112 1858 1176 multitudinem
1871 1111 2135 1192 conepirarrtinnr

353 1213 388 1260 re
403 1199 550 1278 singulari
564 1199 721 1280 Scriptura
740 1203 886 1280 loquitur,
904 1207 963 1262 tarn
978 1201 1017 1263 rie
1033 1201 1221 1275 charactere,
1267 1199 1489 1262 imminentem
1504 1196 1769 1264 0000000001,
1794 1201 1823 1258 et
1845 1209 2006 1258 romanae
2028 1195 2135 1256 00010-

353 1295 444 1360 qoam
461 1284 501 1342 00
517 1283 652 1356 nomine,
664 1291 697 1346 et
712 1299 840 1347 numere
856 1282 990 1346 nominis
1011 1283 1188 1346 antichristi
1213 1302 1221 1360 ;
1267 1281 1348 1354 sine,
1363 1283 1400 1343 in
1411 1295 1480 1360 000
1493 1278 1828 1358 semper-opoetolicne
1844 1277 2019 1342 cathedrae
2033 1279 2135 1357 cripuit

353 1379 435 1424 unns
451 1363 543 1442 igitur
556 1367 716 1432 character
731 1369 799 1444 erit3
816 1381 910 1429 unum
923 1367 996 1428 item
1013 1367 1223 1430 0000000011-
1266 1365 1484 1443 principatus,
1502 1366 1532 1424 et
1544 1363 1680 1424 caeteris
1694 1361 1798 1430 tertia.
1824 1363 1913 1424 0000
1929 1361 2135 1440 enonpelinm

357 1445 465 1506 christi
478 1448 648 1525 proprium
665 1457 786 1513 etunus
802 1455 871 1512 e'us
901 1450 1034 1512 nominis
1061 1465 1222 1523 numerus.
1269 1448 1316 1509 00
1327 1447 1435 1526 ipsam
1449 1443 1589 1523 ,1000000
1615 1447 1714 1519 uenit,
1741 1457 1802 1522 per
1826 1445 2133 1506 communicatoriae

352 1526 488 1589 Proinde
501 1474 1220 1611 0000000000οἰ110000000000000100110001,
1266 1528 1459 1592 literneeese
1479 1527 1700 1605 conjunctum.
1726 1525 1918 1598 ambrosius,
1946 1528 1999 1608 qni
2030 1526 2134 1588 floruit

356 1610 493 1672 ionicam
506 1627 543 1674 se
558 1617 680 1676 nescire
697 1617 768 1696 quis
781 1616 834 1679 iile
849 1617 915 1688 sit,
946 1616 984 1678 ile
1003 1626 1065 1696 quo
1089 1616 1223 1680 loannes
1266 1614 1345 1674 cir-ca
1362 1627 1475 1673 annum
1490 1609 1609 1675 homini
1633 1610 1704 1672 000.
1721 1610 1752 1672 in
1767 1607 1850 1671 Orat.
1877 1611 1919 1698 00
1938 1609 2015 1672 obit.
2035 1607 2131 1688 Satyri

355 1694 503 1772 loquitor.
1265 1691 2130 1771 100001000ιο0000000000.00000.ορ000000000

395 1776 711 1852 secundmchorecter
722 1779 774 1843 illc
789 1781 933 1843 omnibns
944 1778 1122 1843 hominibus
1135 1797 1220 1844 canr-
1265 1793 1310 1839 an
1326 1777 1566 1857 cermopiecopt's
1581 1776 1759 1852 colliminio,-
1772 1773 1918 1848 telamon
1931 1789 2009 1838 curn
2022 1775 2131 1839 Eccle
2184 1770 2185 1850 l

354 1859 458 1919 munis
474 1859 532 1920 erit
546 1860 577 1920 in
591 1859 770 1924 antichristi
786 1879 904 1943 regno.
921 1871 953 1923 ut
969 1869 1093 1941 ptarmrn
1110 1870 1157 1926 est
1181 1881 1218 1926 err
1263 1860 1314 1921 rin
1328 1875 1468 1922 romono
1478 1861 1620 1923 00010001.
2184 1926 2185 1929 ,

351 1939 417 2003 illis
431 1940 547 2004 uerbis:
561 1943 779 2021 facictomnes
792 1947 928 2024 pusiilus
953 1954 982 2008 et
1008 1961 1165 2026 meppea.
1189 1954 1219 2010 ct
1306 1939 2125 2020 010100011000010,0010000000000000000001-
2184 1982 2185 2016 ,

352 2023 468 2085 nicetes
482 2030 512 2085 et
524 2040 697 2104 pauperes,
713 2035 745 2090 ei
766 2027 881 2091 liberae
901 2034 933 2092 el
951 2044 1057 2090 aerum
1071 2030 1219 2108 accipere
1264 2024 1295 2086 ni
1310 2026 1381 2089 ltu.
1394 2023 1424 2088 in
1446 2025 1500 2088 lib.
1517 2026 1547 2087 1.
1564 2025 1601 2086 00
1617 2027 1795 2104 persequut.
1819 2021 1942 2086 Vendat.
1956 2023 2079 2085 scribit:
2095 2025 2132 2086 l·
2184 2017 2185 2085 l

351 2105 626 2172 maracleensem
634 2113 841 2189 juramentum
856 2111 1061 2188 obedientiae,
1076 2111 1218 2176 etnnctin
1262 2107 1380 2170 rinnnm
1396 2110 1621 2189 presbyterum,
1637 2123 1706 2170 cum
1723 2107 1787 2185 regi
1804 2107 1990 2186 persuadere
2005 2107 2102 2168 enitet
2119 2155 2126 2179 ,

352 2190 880 2274 00000000000000100000001001.
1261 2205 1301 2252 ne
1315 2192 1499 2254 catholicum
1515 2191 1680 2269 quemdam
1691 2190 1845 2252 hominem
1863 2187 2061 2274 interficeret.
2080 2190 2128 2252 bis
2182 2185 2185 2305 l

391 2270 493 2333 Tertio
507 2271 622 2335 indicet
637 2274 789 2354 Scriptura
803 2322 811 2351 ,
825 2275 1035 2339 characterem
1062 2275 1217 2357 eiusmodi
1261 2274 1363 2336 rerbis
1378 2289 1481 2336 usum:
1499 2273 1536 2336 Si
1548 2273 1721 2352 peremerit
1737 2285 1811 2334 enm
1826 2269 1948 2350 plodio.
1965 2271 2130 2352 0000ρί001

350 2353 430 2425 inre,
447 2354 561 2416 utsine
577 2355 756 2420 discrimine
781 2360 811 2419 ln
828 2375 918 2420 manu
945 2363 1093 2435 dextera,
1120 2361 1216 2423 relin
1261 2354 1490 2420 Romnnlcnm
1504 2362 1681 2440 martyrem
1703 2356 1908 2436 praemicare.
1937 2353 2004 2428 Quo
2028 2357 2126 2424 loco.

348 2436 530 2516 ironte'peri
545 2440 655 2517 possin
668 2443 715 2502 sic
728 2440 810 2502 enim
828 2439 890 2502 ait:
914 2435 1024 2504 l'acict
1038 2458 1149 2505 omnes
1163 2460 1216 2505 ac·
1261 2437 1465 2502 Romanorum
1484 2441 1628 2516 nemine,
1659 2437 1720 2500 000·
1748 2438 1889 2501 catholini
1911 2437 2128 2518 designantur,

349 2518 456 2596 cipere
470 2519 690 2585 characterem
702 2525 740 2586 in
753 2524 890 2587 ‹leatera
902 2525 1068 2587 00000001
1080 2525 1217 2603 infrcn·
1259 2521 1313 2599 qui
1330 2531 1413 2585 certe
1431 2539 1491 2585 non
1505 2523 1562 2586 alia
1579 2521 1619 2584 de
1634 2535 1744 2584 caussa
1769 2519 1897 2582 Romani
1922 2518 2069 2582 dicuntur
2092 2521 2129 2584 00

349 2601 435 2663 tibere
448 2603 527 2664 anie.
544 2603 623 2664 Nihil
634 2606 735 2668 antem
749 2621 951 2686 eorumquae
966 2609 1129 2671 adversarii
1145 2626 1216 2688 pro·
1259 2603 1391 2678 Arianis,
1408 2605 1466 2668 nisi
1482 2605 1553 2685 qnia
1567 2619 1712 2667 romanae
1724 2601 1881 2666 liccles'iae
1893 2601 2001 2675 iidem,
2018 2619 2084 2666 non
2099 2621 2129 2666 e·
2184 2612 2185 2660 l

347 2681 463 2759 terent,
480 2685 539 2747 tale
555 2685 688 2750 esiliam
701 2689 874 2751 chrismatis
885 2693 988 2752 nrrctic
1010 2690 1041 2752 in
1058 2707 1148 2752 manu
1163 2692 1216 2754 de·
1259 2691 1376 2750 rlanam
1389 2687 1547 2765 perititiam
1562 2686 1782 2767 sequebantur.

347 2768 617 2847 nteraancipinan
633 2778 746 2848 potest.
768 2771 922 2834 Prolessio
946 2788 1088 2836 romanae
1116 2773 1214 2852 linei,
1305 2769 1515 2835 loramentum
1535 2769 1736 2834 obedientiae
1764 2781 1890 2831 romane
1919 2767 2060 2847 pontiflci
2088 2765 2131 2831 la·
2184 2828 2185 2836 ,

337 2849 576 2925 0001000000,
594 2865 652 2914 nec
664 2853 698 2915 in
712 2853 824 2929 leonte,
840 2854 896 2917 sed
909 2854 941 2916 in
956 2869 1010 2918 ore
1027 2860 1081 2934 pe'r
1094 2857 1217 2919 contes-
1259 2858 1360 2928 ctum,
1383 2854 1535 2918 invenitur
1560 2857 1699 2933 ternpore
1718 2867 1748 2915 s.
1764 2850 1900 2932 Gregorii
1913 2850 1969 2914 lib.
1988 2849 2038 2913 10.
2063 2853 2128 2930 epi-

350 2931 483 3008 sionem,
498 2939 529 2996 in
546 2937 707 3016 cnrdeper
718 2935 812 3002 noem
839 2935 981 3000 hahetur.
1006 2938 1217 3002 iuramentum
1255 2933 1364 2998 stolar.
1382 2935 1463 3016 eius,
1479 2937 1571 3018 epist.
1588 2935 1639 2998 01.
1653 2951 1689 2998 00
1704 2935 1834 3015 pminde
1849 2939 1920 2996 anie
1936 2947 2051 2996 annum
2068 2933 2127 2996 Ilo-

348 3013 516 3092 fidelitatis,
535 3032 624 3079 marin
641 3028 671 3080 et
685 3035 738 3082 ore
764 3026 959 3100 praestatur,
981 3023 1038 3084 sen
1068 3023 1098 3082 in
1116 3022 1216 3086 trente
1258 3017 1422 3083 00101000.
1440 3035 1503 3082 000
1519 3019 1602 3083 enirn
1616 3019 1654 3082 00
1669 3033 1741 3082 eum
1765 3031 1880 3080 annum
1903 3031 1931 3079 s.
1959 3015 2128 3096 Greporins

349 3099 463 3178 gestari
478 3099 564 3164 nullu
579 3101 670 3164 mono
684 3109 796 3182 petest.
813 3101 920 3166 llnctic
935 3103 1134 3167 sacerdotalis
1155 3119 1216 3168 nec
1257 3103 1408 3182 pertenit.

346 3183 379 3241 in
396 3181 521 3245 000000
536 3198 630 3246 mann
644 3188 780 3264 proprie,
794 3201 852 3248 nec
874 3188 903 3246 in
919 3185 1019 3250 ircntc
1039 3188 1214 3268 accipitur,
1300 3184 1342 3247 00
1360 3185 1507 3248 unctione
1522 3183 1703 3248 sacerdotali
1732 3181 1882 3245 habemns
1911 3181 2125 3243 testimoninm

336 3264 402 3326 000
418 3279 509 3344 supra
525 3273 628 3344 caput,
641 3274 672 3328 et
686 3269 716 3328 in
732 3268 836 3345 alpius
851 3269 1010 3348 utriusque
1024 3284 1145 3332 manns.
1157 3270 1215 3334 ile·
1258 3263 1395 3346 Gregorii
1412 3270 1599 3340 nerianreni,
1625 3267 1677 3346 qui
1693 3265 1796 3328 llornit
1810 3265 1894 3326 cirea
1915 3277 2031 3336 annum
2047 3261 2126 3327 080.

346 3347 441 3424 nique
457 3348 609 3413 interesse
621 3349 735 3412 missis
750 3350 943 3425 funebribus,
959 3352 1161 3429 procumbere
1176 3351 1215 3416 00
1257 3347 1289 3410 Iu
1300 3349 1331 3411 in
1347 3349 1506 3432 Apelopct.
1524 3349 1560 3412 00
1578 3355 1692 3430 patrem
1709 3353 1812 3418 enum,
1822 3347 1946 3426 qnando
1957 3346 2130 3425 opiscopus

339 3434 741 3507 ctetncscteucharrsticm,
766 3449 826 3496 non
852 3441 924 3497 sunt
951 3431 1059 3497 inentis
1087 3443 1138 3502 eut
1153 3451 1215 3497 rna·
1259 3431 1578 3496 Susimorumcrettus
1593 3439 1661 3494 est:
1680 3431 1784 3512 Super
1798 3447 1860 3498 me.
1877 3429 2128 3508 inquietamur

349 3529 445 3577 nuum
461 3511 575 3588 cilicia,
593 3515 649 3577 scd
661 3517 799 3596 corporis
812 3515 914 3593 totius,
927 3533 962 3579 ac
973 3517 1138 3598 praecipue
1150 3533 1216 3580 cer·
1257 3515 1369 3578 unctio
1380 3523 1410 3579 ei
1423 3517 1571 3598 spiritns:
1587 3521 1744 3578 01000000
1759 3525 1816 3592 epo
1837 3513 1953 3593 tepore
1978 3519 2008 3575 et
2024 3513 2125 3576 tristia
2183 3513 2184 3528 ²

352 3603 466 3662 noritur
481 3595 512 3658 in
530 3598 673 3676 genibus.
1257 3597 1536 3677 1000000001000
1551 3599 1683 3680 duplicis
1695 3593 1850 3660 unctionis
1864 3595 2129 3672 meminitmnius,

384 3675 495 3754 Quarto
508 3680 616 3741 eadem
630 3679 784 3758 Scriptura
799 3679 894 3756 elicit,
910 3680 941 3743 ln
958 3696 1053 3760 regno
1068 3682 1216 3746 0000001-
1260 3695 1317 3762 que
1335 3689 1423 3745 antea
1435 3688 1550 3745 unctus
1566 3682 1672 3744 iuerat.
1691 3693 1762 3742 cnm
1777 3679 1937 3759 presbyter
1951 3686 2124 3757 crearetnr;

351 3759 390 3820 eti
406 3761 561 3833 neminem
575 3763 810 3840 permittendum
834 3779 937 3826 emere
955 3811 963 3839 ,
994 3766 1215 3838 antecedere,
1260 3771 1291 3826 ct
1305 3765 1443 3838 alterius,
1460 3781 1519 3844 qua
1535 3771 1597 3827 tum
1613 3765 1776 3844 ungendus
1791 3767 1855 3824 erni
1881 3760 1913 3822 in
1929 3760 2127 3826 ordinatione

347 3842 409 3904 nisi
424 3843 630 3906 characterem
646 3845 826 3918 ostenderit,
839 3854 890 3908 aut
905 3862 1028 3918 nornen,
1042 3855 1094 3909 ant
1110 3864 1216 3912 nume·
1259 3846 1441 3928 episcopali.
1459 3848 1534 3910 item
1546 3847 1630 3912 Orat.
1649 3847 1678 3907 l.
1695 3846 1734 3908 00
1760 3859 1836 3926 pace
1855 3891 1863 3921 ,
1890 3845 1928 3906 00
1945 3843 2059 3906 hesitio
2085 3846 2129 3907 lo·

346 3937 414 3986 rum
432 3926 565 3988 neminis
580 3927 661 4009 ejas:
677 3933 708 3990 et
721 3933 923 4014 quatemunt,
936 3931 1155 3997 eirendnntin
1170 3931 1216 3994 ili·
1260 3945 1373 4010 quenn.
1390 3931 1442 4010 qni
1458 3933 1624 4010 episcopus
1639 3935 1760 3992 oreatus
1786 3926 1973 4005 prorinciam
1999 3941 2126 3988 recusa·

348 4011 433 4070 tiene
449 4011 566 4072 romani
582 4008 748 4091 pontilicis,
765 4014 816 4092 qui
834 4011 964 4074 necdum
980 4021 1052 4074 sunt
1069 4014 1216 4079 chrisma·
1260 4011 1323 4074 bat:
1341 4012 1421 4077 0000
1435 4013 1604 4084 meditem,
1618 4011 1728 4091 inquit,
1756 4011 1821 4073 eibi
1842 4010 2006 4086 spiritum,
2024 4010 2127 4072 tolen-

349 4097 381 4153 te
395 4093 588 4171 inuncti3nec
599 4094 805 4174 jmamcntnm
821 4096 1036 4173 praestitemnt
1049 4091 1216 4172 0000100ος
1262 4099 1432 4177 torumque
1444 4099 1705 4176 arpocrationem,
1728 4093 1897 4172 prepicqne
1911 4105 2029 4154 curam
2044 4109 2127 4154 corn·

323 4172 326 4181 '
354 4189 412 4236 nec
424 4181 497 4236 sunt
512 4175 705 4238 secerneres?
714 4175 821 4238 llonne
835 4177 864 4237 in
877 4180 942 4255 ipsa
965 4177 1041 4240 urhe
1057 4179 1216 4255 homa,nbi
1261 4180 1395 4242 00100000
1406 4179 1531 4242 habeat.
1549 4180 1682 4257 eteoqne
1700 4176 1875 4238 secernant
1892 4219 1900 4245 ‚
1917 4175 2128 4254 0100000000-

348 4273 494 4320 romanus
514 4257 649 4336 pentilex
661 4262 769 4324 secem
784 4273 870 4324 suam
896 4259 1007 4335 babet,
1028 4261 1150 4340 plurimi
1166 4262 1218 4324 lu·
1261 4263 1314 4325 nie
1328 4261 1490 4327 aclihnttre
1503 4263 1555 4335 eit,
1571 4261 1679 4324 adhoc
1694 4265 1802 4322 tomen
1816 4271 1874 4336 pro
1888 4271 1951 4320 scta
1964 4259 2129 4336 sapientia

349 4340 420 4402 daei
435 4340 558 4419 publice
572 4342 775 4420 negotiantur,
804 4349 911 4405 emunt
939 4350 969 4405 ct
990 4344 1217 4422 rendunt3cnm
1260 4346 1501 4425 praetenturam
1514 4345 1874 4422 cormponere-ricimer.

357 4427 458 4485 tamen
475 4424 593 4484 nullum
607 4423 740 4485 habeant
753 4438 863 4499 eornm¹
874 4426 1050 4505 signoruni?
1304 4426 1368 4489 ianr
1385 4429 1422 4490 00
1435 4426 1584 4492 sacrificio
1602 4441 1656 4504 pro
1672 4425 1845 4496 iniunctis,
1878 4422 1951 4484 setis
1978 4423 2037 4485 erit
2068 4425 2126 4486 boe

393 4505 556 4567 Veniamus
571 4505 608 4566 ad
623 4505 747 4568 alteram
770 4509 940 4582 rationem,
970 4523 1006 4570 oc
1026 4509 1219 4588 probemus,
1265 4510 1335 4576 leco
1349 4509 1508 4590 Augustini
1531 4507 1736 4572 testimoninm
1754 4554 1761 4578 ,
1778 4506 1830 4586 qni
1847 4505 1900 4567 lib.
1930 4506 1968 4568 de
2000 4507 2125 4569 haeres.

345 4587 408 4650 ista
424 4588 523 4655 cronia
538 4588 626 4668 siqua
640 4589 822 4651 Antichristo
838 4591 1006 4669 antiquiore
1029 4607 1109 4655 esse.
1138 4593 1217 4654 tnti-
1251 4607 1334 4671 cop.
1350 4591 1401 4654 03.
1419 4592 1664 4672 otcitpropriom
1679 4591 1789 4668 tlcprna
1801 4589 1880 4650 iterii
1893 4587 2128 4651 haeresiarchae

351 4671 498 4739 christus,
514 4671 755 4736 adversariorum
770 4673 921 4734 sententia
939 4719 947 4746 ,
975 4689 1036 4736 non
1052 4673 1218 4739 renitente
1262 4674 1370 4753 luisse3
1383 4673 1569 4738 oblationem
1584 4689 1639 4756 pre
1666 4671 1791 4736 mortuis
1813 4669 1933 4750 ollerre,
1947 4685 2010 4734 non
2035 4689 2126 4751 opor·

353 4752 748 4819 incommemoratum
775 4753 981 4820 Tertullianus
1009 4756 1111 4820 lloruit
1138 4757 1218 4819 circe
1262 4765 1339 4820 tere.

352 4852 466 4904 anuum
483 4835 554 4898 ath.
572 4843 601 4898 et
615 4843 716 4899 lamen
728 4838 866 4905 meminit
878 4835 1051 4901 chrismatis
1066 4839 1096 4900 in
1112 4839 1166 4900 lib.
1180 4840 1219 4902 00
1260 4859 1263 4866 ’
1307 4840 1348 4902 00
1363 4841 1539 4904 adoratione
1554 4839 1721 4918 imaginum
1736 4853 1816 4898 unus
1839 4835 2058 4914 Hieronymus,
2076 4839 2126 4915 qni

352 4927 519 4985 resurrect.
533 4935 617 4982 carn.
637 4919 730 4995 Caro,
748 4921 856 4999 inquit,
872 4920 1018 4984 0010000·
1042 4927 1081 4984 nt
1105 4923 1220 4990 enimn
1260 4923 1344 4984 cirne
1360 4921 1559 4985 00000100.
1575 4918 1954 4994 homit‚nobissulliciet.
1971 4917 2002 4982 is
2017 4919 2050 4981 in
2068 4924 2125 4982 rita

354 5003 565 5077 emaculatae·
580 5013 655 5069 cere
668 5004 815 5083 cripimr,
828 5008 866 5066 nt
878 5006 992 5067 00000
1004 5009 1217 5068 caneecretnr.
1261 5005 1395 5070 haurne:
1414 5007 1586 5072 00000010,
1599 5003 1721 5084 inquii,
1752 5009 1827 5066 ante
1855 5017 2007 5074 crucem,
2031 5007 2127 5081 prinei

357 5085 525 5166 Cyprianus
554 5083 656 5147 ilenrit
685 5087 765 5148 circa
791 5101 904 5148 annum
929 5085 1001 5149 250.
1028 5094 1060 5150 ct
1081 5089 1220 5150 meminit
1261 5090 1456 5168 penitentem
1470 5088 1809 5161 hominumccrneret,
1835 5085 2006 5147 onerabat.
2034 5085 2125 5148 Deni-

358 5169 531 5235 chrisnmtie
546 5167 600 5232 lib.
618 5168 647 5229 1.
671 5168 830 5249 0010012.
849 5169 938 5251 linpi.
961 5168 1071 5250 inquit.
1092 5185 1219 5236 0000000
1265 5185 1324 5251 que
1338 5171 1375 5232 00
1390 5173 1565 5233 adoratione
1580 5167 1782 5232 eucharistiae
1794 5183 1821 5231 s.
1839 5168 2016 5229 Ambrosius
2034 5171 2121 5230 meri-

356 5258 497 5326 cetrum
515 5252 572 5332 qni
582 5250 765 5333 baptizatae
779 5253 831 5327 ett,
843 5259 880 5313 ut
895 5259 1024 5330 accepta
1035 5252 1218 5328 chrismate,
1265 5259 1295 5314 ta
1310 5253 1452 5317 subicere
1467 5253 1569 5324 debet,
1594 5253 1645 5332 qui
1661 5251 1716 5314 lib.
1743 5251 1772 5312 0.
1789 5251 1828 5314 00
1841 5251 1920 5330 Spin.
1938 5267 1966 5312 s.
1983 5265 2054 5326 cap.
2072 5252 2121 5311 12.

356 5327 639 5410 inestimatione,
657 5342 853 5398 caecumine
867 5334 934 5407 001,
949 5340 981 5398 ct
995 5335 1112 5398 habere
1124 5337 1162 5400 in
1186 5353 1220 5400 ce
1265 5336 1421 5414 explicans
1436 5335 1511 5398 iliud
1522 5334 1651 5398 noento
1666 5333 1836 5397 corbelium
1849 5334 1961 5411 penum
1973 5333 2125 5415 0100110-

350 5418 502 5500 qratiam
516 5417 631 5480 Christi
640 5417 942 5496 poerit.hnqustinns
956 5416 1059 5480 hornlt
1072 5417 1152 5480 circa
1167 5437 1218 5481 nn·
1264 5433 1338 5498 que,
1353 5419 1464 5499 inquit,
1477 5433 1537 5498 per
1549 5415 1725 5480 scabellum
1738 5421 1825 5480 tetro
1838 5416 2052 5494 tnrcttipatcr:
2065 5433 2127 5494 per

358 5517 433 5563 num
449 5499 519 5562 tet).
535 5494 681 5563 eltaniae
696 5500 834 5562 alttract.
850 5501 881 5560 in
896 5498 984 5562 luen.
1002 5499 1161 5576 tl8.Qttc'd
1175 5509 1221 5568 cet
1261 5508 1394 5577 terram,
1411 5517 1487 5565 caro
1505 5500 1631 5575 chmel,
1647 5515 1747 5581 quam
1762 5500 1857 5562 bento
1868 5499 2041 5582 quoquere
2056 5515 2127 5578 my·

359 5584 449 5664 queri
464 5599 573 5646 umnec
588 5581 1033 5662 neminemneminer,
1054 5586 1122 5647 nisi
1136 5599 1220 5648 erun
1264 5588 1369 5650 stertis
1385 5587 1574 5656 amoremne,
1604 5591 1633 5647 el
1659 5597 1760 5661 quam
1772 5585 1911 5664 apostoli
1935 5584 1975 5645 in
1991 5579 2127 5644 000000

363 5665 495 5729 clarinti.⁹
509 5668 597 5747 qnae
610 5667 822 5747 eipnrrmmiei
834 5664 1029 5740 0001000100·
1049 5669 1115 5730 aine
1135 5666 1222 5743 iron-
1268 5666 1354 5744 lesu,
1371 5674 1522 5748 utsupra
1542 5667 1699 5738 alcimae,
1717 5667 1909 5729 adorarunt.
1926 5664 2010 5740 0000
2040 5663 2123 5726 01000
2184 5643 2185 5705 l

359 5741 443 5811 ribai
458 5749 751 5824 credentinmesibe
766 5750 836 5829 p'pet'
848 5765 965 5836 aquae,
982 5739 1076 5842 panop}
1091 5765 1222 5830 reperte·
1263 5749 1333 5818 iere
1363 5751 1473 5814 iisdem
1501 5748 1603 5813 rerliis
1628 5749 1704 5812 dicit
1733 5739 1920 5829 Augustinus
1948 5749 1980 5818 ln
2007 5747 2119 5825 explic.
2184 5748 2185 5760 ¹

361 5838 490 5903 romam,
516 5833 586 5895 eine
611 5835 680 5895 cleo
708 5832 964 5914 praetermeare
990 5834 1220 5913 increpantem,
1265 5833 1347 5912 psal.
1361 5831 1414 5900 00.
1504 5886 1515 5920 .·
2183 5807 2185 5936 l

361 5915 426 5976 sice
441 5914 679 5998 0000000000
694 5915 1222 6003 010010ος0000οΜψο00
1265 5953 1269 5962 ·
1308 5913 1553 5998 Gumigitlrristn
1568 5914 1681 5987 omnin,
1697 5925 1776 5994 qnae
1792 5913 2125 5977 inrmmriinharecte·
2183 5947 2184 5984 ,

362 5995 481 6078 petrum
527 6004 530 6009 ’
1266 6011 1317 6062 res
1330 6000 1501 6062 tonebristi
1518 5997 1759 6074 asserentem
1777 6013 1832 6061 neu
1848 5993 2005 6061 Ecclesiae
2019 5996 2127 6058 catho-
