4792 7009
1029 736 1127 797 arnan
1146 738 1320 801 secururs
1950 757 1987 814 aa

270 876 330 941 bos
341 868 575 952 interpretesin
591 867 721 931 eandem
734 868 920 933 sententiam
935 872 966 932 el
980 867 1012 933 ia
1032 870 1141 935 eadem
1187 874 1273 937 alam
1285 875 1489 954 scripserunt,
1503 881 1649 942 ettamen
1660 881 1692 945 in
1704 883 1841 949 Aristaeo
1852 887 1983 951 cellulas
1995 904 2059 953 nou

270 960 365 1023 rerba
378 954 578 1019 convenisse.
1118 1033 1124 1047 ι
1186 958 1393 1035 inveneruut3
1408 960 1458 1020 ael
1472 961 1538 1021 vult
1558 968 1629 1024 aute
1650 964 1813 1044 Epiphanii
1828 975 1967 1049 tempora
1982 988 2059 1033 non·

310 1032 1140 1115 Atb.llieronymuspraeiat.inPentateuohaperlerr-
1187 1037 1261 1101 dum
1288 1038 1387 1102 tuisse
1407 1040 1567 1104 inventum
1588 1044 1701 1108 librum
1716 1063 1822 1111 varam
1837 1052 1979 1127 Aristaei,
2001 1053 2060 1117 sed

269 1123 323 1186 det
336 1124 419 1183 banc
434 1117 606 1179 historiam:
618 1114 932 1193 Neaeio,inquit‚qut'e
944 1116 1141 1192 prhnaauw
1190 1124 1264 1182 tunc
1281 1123 1413 1195 primunr
1427 1137 1498 1185 esse
1509 1132 1677 1203 repertum,
1695 1133 1725 1189 et
1739 1130 1799 1191 buc
1811 1134 1906 1193 etiam
1920 1134 1980 1197 diei
1995 1150 2060 1198 nou

269 1212 338 1267 etur
365 1201 577 1280 septuaginta
593 1197 727 1260 cellarius
739 1198 960 1291 Alcmaeoniae
969 1198 1140 1291 mendacio
1189 1208 1303 1281 potest:
1321 1220 1390 1265 nam
1406 1204 1612 1287 Hieronymus
1623 1209 1676 1287 qui
1687 1209 1780 1273 simut
1792 1229 1861 1275 cum
1874 1215 2057 1293 Epiphanio,

267 1302 327 1349 arao
339 1282 544 1348 emelruaerit
557 1284 615 1341 ela.
630 1280 736 1359 ltaque
752 1283 904 1341 anstrum
916 1280 949 1340 b.
960 1279 1139 1359 hieronym.
1188 1289 1219 1345 et
1234 1284 1325 1345 etiarn
1341 1290 1412 1363 post
1426 1286 1634 1366 Epiphaniam
1648 1291 1732 1368 vixit,
1749 1294 1864 1357 diserte
1880 1296 2060 1374 affirmatur

268 1366 465 1449 septuaginta
482 1364 562 1425 dnus
576 1362 761 1439 interpretes
773 1361 805 1421 iu
821 1360 931 1427 eadem
948 1361 1075 1423 basilica
1090 1376 1140 1425 se·
1185 1364 1325 1429 Aristaeo
1340 1383 1402 1429 uun
1418 1369 1555 1445 probari,
1572 1370 1628 1433 sed
1643 1372 1768 1436 refutari
1785 1376 1925 1439 cellulas.

268 1451 393 1521 dentes,
408 1454 438 1510 at
449 1446 529 1508 inter
541 1460 575 1506 se
588 1444 798 1515 conierentes,
808 1442 996 1521 scriptorem
1009 1448 1141 1505 transtu·
1228 1446 1390 1510 Praeterea
1402 1448 1594 1529 Epiphanius
1605 1459 1710 1515 contra
1725 1457 1863 1519 omnium
1876 1458 2061 1523 sententiam

267 1532 359 1595 lisso.
377 1529 411 1591 ld
427 1528 509 1606 quad
525 1526 636 1605 probat
651 1526 783 1604 primum
798 1524 977 1585 testimonio
997 1524 1137 1600 Aristaei,
1188 1528 1277 1607 ponit
1291 1528 1394 1590 solum
1407 1532 1531 1609 triginta
1546 1549 1602 1595 ser
1616 1536 1763 1614 cellulas,
1788 1554 1858 1601 cum
1880 1540 1932 1601 alii
1946 1541 1995 1603 vel
2010 1557 2063 1605 se·

267 1605 1140 1693 qainegutiointerluil,etaperte-dieiteossimulconle-
1185 1608 2059 1700 ptuagiuladaas,relnallaspanant:necsaneaequum

270 1696 373 1758 reuda
382 1692 514 1771 singulis
524 1691 635 1753 diebus
650 1704 749 1767 usqae
764 1688 914 1749 adhoram
930 1688 1140 1763 nonam,lranu
1185 1698 1245 1765 cst,
1262 1708 1356 1753 unam
1371 1694 1577 1772 Epiphaniam
1594 1699 1739 1762 omnihus
1761 1702 1831 1763 aliis
1853 1708 2059 1782 anteponere.

266 1779 446 1841 versionem
462 1774 586 1835 tandem
601 1771 798 1850 septuaginta
812 1768 935 1831 daubus
960 1770 1072 1832 diebus
1087 1771 1139 1833 ab·
1184 1771 1292 1851 ltaque
1304 1773 1485 1838 credibilius
1496 1784 1556 1851 est,
1570 1778 1786 1857 Epiphaniam,
1798 1785 1849 1846 rel
1863 1800 1926 1847 uon
1941 1784 2059 1866 legisse

267 1859 415 1923 solvisse.
431 1856 517 1917 idam
534 1854 643 1933 probat
656 1851 985 1929 testimonialasepbi,
1003 1850 1140 1931 quicum
1185 1854 1371 1932 Aristaeum,
1394 1859 1450 1919 sed
1473 1859 1542 1920 aliis
1565 1861 1771 1925 relerentibus
1792 1866 1965 1929 credidisse
1979 1911 1997 1941 „
2010 1868 2060 1931 rel

268 1946 357 2004 esset
372 1938 596 2018 cupidissimus
611 1934 728 2014 gloriae
742 1948 818 1995 suae
829 1932 1051 2012 gantis,tamen
1066 1935 1137 1997 libr.
1187 1942 1272 1999 certe
1288 1952 1357 1999 oum
1373 1939 1452 2003 baec
1466 1940 1603 2016 scripsit,
1620 1957 1682 2003 nou
1697 1944 1845 2009 habuisse
1863 1962 1934 2009 eum
1949 1948 1981 2010 in
1996 1964 2060 2011 ma·

268 2024 321 2085 12.
340 2020 481 2099 antiquit.
499 2034 568 2096 cap.
585 2018 616 2079 2.
633 2032 761 2078 narrans
776 2016 856 2077 hane
878 2015 1049 2090 historiam,
1076 2016 1139 2079 cel·
1185 2018 1297 2094 nibus,
1314 2026 1346 2081 et
1361 2022 1509 2083 memoria
1524 2022 1645 2101 lapsum
1661 2040 1745 2087 esse.
1762 2025 1896 2090 Omnino
1909 2030 1993 2091 eninr
2007 2046 2059 2094 ve·

266 2106 402 2168 luterum
417 2118 457 2165 na
473 2099 613 2161 meminit
627 2098 765 2179 quidem.
915 2177 922 2190 ·
1185 2100 1316 2163 risimile
1331 2108 1379 2163 csl
1394 2151 1402 2176 ,
1419 2105 1579 2166 historiam
1603 2105 1644 2167 de
1670 2106 1794 2171 cellulis
1809 2109 2018 2189 Epiphaniam
2041 2128 2059 2175 u

309 2186 431 2249 Addere
443 2196 611 2263 possamus
627 2196 685 2242 nos
698 2181 790 2243 etiam
806 2178 990 2254 Eusebium,
1006 2179 1057 2258 qui
1081 2180 1139 2245 lib.
1184 2181 1307 2245 destino
1333 2190 1366 2245 et
1386 2187 1514 2248 trenaee
1527 2187 1701 2265 accepisse,
1725 2196 1757 2252 et
1778 2191 2057 2267 tamen'videmus,

266 2266 300 2330 8.
316 2270 491 2347 praeparat.
508 2262 650 2341 evangel.
666 2278 735 2341 cap.
749 2263 781 2323 t.
797 2261 939 2323 simililer
964 2276 1029 2324 rem
1045 2268 1138 2325 telam
1186 2280 1257 2326 eum
1273 2282 1312 2328 er
1325 2264 1483 2331 oblivione
1495 2268 1667 2331 alilerrem
1679 2283 1835 2349 narrasse,
1849 2289 1942 2353 quam
1956 2274 2001 2336 illi
2015 2274 2059 2339 le·

267 2356 373 2413 narrat
388 2350 457 2411 sine
473 2346 534 2409 ulla
549 2343 707 2407 mentione
723 2343 919 2415 cellulamm,
946 2343 1086 2406 reterens
1101 2346 1139 2409 ad
1185 2346 1295 2410 corint.
1522 2368 1526 2375 ¹

266 2432 396 2495 verbum
411 2442 492 2507 qaae
508 2427 662 2489 habentur
677 2427 708 2487 in
723 2426 804 2486 libro
820 2424 962 2487 Aristaei.
982 2423 1138 2490 Addamus
1229 2430 1379 2505 Sequitur
1394 2438 1500 2510 quarta
1515 2432 1657 2511 quaestio
1682 2434 1723 2496 de
1747 2435 1926 2498 anctoritate
1952 2437 2063 2501 horam

265 2514 358 2577 etiam
380 2512 554 2581 Philonem,
577 2508 810 2579 Tertullianum,
835 2512 865 2567 et
887 2504 1138 2585 chrysostomum
1185 2508 1401 2591 interpretum,
1418 2520 1450 2575 et
1463 2516 1603 2592 quamvis
1617 2516 1651 2577 b.
1665 2516 1872 2597 Hieronymus
1885 2519 2014 2597 praelat.
2028 2520 2060 2583 in

266 2610 361 2673 supra
377 2594 498 2667 citatas,
511 2590 564 2670 qui
577 2606 646 2653 cum
664 2590 809 2654 miracala
836 2592 971 2661 narrent,
995 2604 1076 2665 qaae
1105 2591 1137 2653 in
1184 2591 1306 2657 Pental.
1324 2602 1453 2669 asserat,
1474 2597 1670 2676 septuaginta
1686 2599 1872 2677 interpretes
1887 2616 1951 2663 uun
1964 2608 2060 2681 vates,

266 2678 325 2739 hac
340 2675 485 2739 versione
500 2672 707 2750 contigerant,
731 2686 888 2747 nunqnam
905 2668 945 2731 de
960 2671 1083 2733 cellulis
1095 2674 1137 2735 si·
1184 2676 1241 2736 sed
1257 2677 1443 2758 interpretes
1461 2678 1573 2753 luisse,
1589 2684 1622 2740 el
1635 2678 1666 2740 in
1682 2686 1804 2757 quaest.
1821 2681 1915 2745 ltebr.
1932 2727 1939 2757 ‚
1957 2683 1990 2745 in
2005 2684 2060 2747 lib.

265 2758 412 2832 tuissent,
426 2754 509 2836 qaod
526 2761 591 2816 erat
605 2756 742 2817 omnium
756 2752 969 2831 praecipuum,
982 2752 1009 2814 si
1022 2768 1076 2819 eas
1087 2770 1137 2819 re·
1184 2754 1224 2819 de
1239 2767 1303 2838 opt.
1317 2776 1389 2839 gen.
1407 2760 1568 2839 interpret.
1585 2758 1617 2821 in
1633 2761 1726 2840 epist.
1742 2763 1781 2825 ad
1797 2763 1923 2826 Sunium
1942 2772 1973 2827 et
1987 2766 2058 2829 Ere·

263 2856 297 2904 re
312 2841 412 2902 luisse
427 2836 647 2900 credidissent.
1183 2838 1298 2917 tellam,
1323 2850 1356 2904 et
1376 2843 1406 2903 in
1428 2846 1631 2904 commentar.
1648 2844 1791 2922 prophet.
1815 2844 1932 2923 passim
1953 2862 2060 2926 repre·

304 2922 395 2999 Quod
416 2926 518 2983 nutem
534 2917 594 2997 ipsi
610 2918 717 2980 dicunt
738 2916 778 2979 de
798 2931 921 2979 samma
935 2914 988 2977 illa
1004 2930 1137 2980 consen·
1182 2919 1298 2984 hendat
1313 2923 1489 2987 versionem
1505 2922 1719 3003 Septuaginta3
1734 2925 1937 2989 nibilominus
1952 2929 2058 2991 umen

264 3004 355 3067 sione
370 3004 403 3065 in
419 3002 549 3065 eandem
566 3000 763 3071 sententiam,
780 3014 844 3059 uun
860 2999 1040 3061 necessario
1063 3016 1136 3061 aon·
1183 3003 1390 3068 certissimam
1412 3020 1484 3067 esse
1510 3005 1624 3078 debet,
1651 3007 1847 3084 septuaginta
1868 3006 2056 3087 interpretes

262 3085 370 3160 vincit,
385 3100 440 3147 eus
452 3084 537 3163 loqui
550 3082 589 3144 de
601 3082 735 3143 cellatis.
749 3079 822 3143 Naar
835 3094 941 3142 revera
954 3079 1136 3145 miraculum
1182 3086 1298 3161 optimc
1322 3087 1539 3159 transtulisse,
1567 3092 1598 3148 ct
1624 3087 1773 3164 peculiari
1795 3088 1886 3153 modo
1909 3091 2057 3168 Spiritum

264 3167 331 3230 luit.
350 3166 433 3244 quud
451 3171 492 3225 tot
508 3163 652 3225 homines
668 3162 758 3225 simul
774 3160 976 3235 coniereudo,
989 3169 1048 3224 tam
1064 3162 1136 3227 bre·
1182 3163 1329 3229 Sanctam
1344 3168 1543 3231 assistentem
1559 3166 1730 3242 babuisse,
1747 3184 1790 3233 ue
1804 3186 1864 3248 qua
1878 3170 1910 3233 ia
1925 3187 1960 3235 re
1975 3188 2058 3235 erra·

263 3250 291 3309 ri
308 3256 451 3327 tempore
466 3246 621 3325 patuerint
633 3244 800 3329 conqenire
817 3244 848 3305 in
864 3243 998 3323 singulis
1010 3250 1135 3307 santen-
1180 3254 1261 3325 rent,
1275 3256 1308 3312 ut
1319 3266 1382 3311 non
1399 3255 1458 3312 lam
1474 3250 1673 3329 interpretes,
1686 3266 1780 3330 quam
1794 3252 1966 3333 prophetae
1981 3253 2059 3318 luis·

262 3330 312 3392 tiis
328 3327 566 3393 transterendls.
583 3326 641 3388 Ubi
657 3327 739 3389 enim
756 3331 804 3389 cst
819 3326 996 3401 multitado,
1008 3326 1134 3389 dirersi—
1182 3342 1219 3392 se
1234 3332 1411 3395 videantur.

263 3421 306 3474 las
319 3410 510 3493 judiciorum
526 3409 630 3472 erilari
648 3426 710 3471 non
727 3412 848 3489 polest,
867 3413 897 3469 et
911 3408 959 3470 rel
975 3424 1133 3487 nunquam
1222 3413 1257 3474 ld
1283 3414 1314 3475 in
1341 3412 1451 3493 primis
1471 3411 1621 3492 probatur
1645 3428 1685 3477 ex
1710 3413 1868 3479 communi
1890 3417 2055 3481 sententia.

265 3492 467 3568 conveniunt,
477 3492 524 3554 rel
538 3492 662 3553 nonnisi
675 3498 746 3571 post
758 3491 866 3569 longas
879 3488 1133 3568 disceptationes.
1181 3491 1367 3558 Constanter
1381 3494 1465 3556 enim
1488 3496 1548 3557 boc
1569 3500 1716 3557 assumet
1729 3510 1839 3559 amnes
1854 3496 1937 3560 citati
1951 3504 2056 3563 auclo-

265 3576 416 3653 Quoeiraa
432 3574 464 3636 b.
482 3574 670 3653 Augustinus
686 3574 741 3635 tlh.
765 3573 797 3633 2.
821 3573 920 3633 doctr.
938 3571 1045 3633 christ.
1062 3588 1132 3653 cap.
1179 3590 1242 3661 res,
1257 3577 1426 3649 Aristaeus,
1437 3575 1718 3653 Philu,lasepbus,
1731 3578 2056 3657 lustinuslrenaeus,

264 3659 313 3721 li.
331 3658 411 3720 illud
423 3657 462 3719 ab
474 3656 620 3717 omnibus
632 3656 828 3718 decantatum
843 3653 883 3715 dc
898 3653 967 3716 istis
982 3653 1133 3733 interpre·
1180 3656 1358 3731 Eusebius,
1388 3658 1534 3722 Clemens
1559 3658 1811 3729 Alexandrinus.
1838 3660 2055 3741 Epiphanius,

262 3740 361 3813 tibus,
379 3740 462 3817 quod
479 3737 567 3815 quasi
583 3754 645 3799 uno
661 3753 714 3800 ore
728 3737 902 3815 Scripturas
915 3736 1072 3807 verterint,
1085 3752 1134 3800 re·
1180 3738 1429 3820 (llrrysoslomus,
1444 3739 1589 3820 Cyrillus:
1606 3746 1637 3803 el
1651 3756 1690 3803 er
1703 3740 1820 3804 Latinis
1835 3743 2055 3823 Tertullianus,

262 3822 404 3884 ctissime
420 3820 551 3897 intelligi
568 3834 662 3897 passo
678 3818 853 3899 signficat,
876 3822 936 3879 tam
959 3819 1133 3881 sectandum
1179 3828 1211 3885 et
1234 3823 1437 3903 Augustinus,
1461 3824 1534 3885 item
1555 3822 1690 3884 Hilarius
1711 3824 1839 3902 pracial.
1862 3825 1896 3887 in
1917 3827 2057 3904 psalmos

261 3902 385 3983 eosqui
402 3902 532 3966 cellulas
548 3903 683 3977 tuentur,
706 3917 798 3981 quam
819 3898 995 3963 secundum
1009 3915 1064 3965 eos
1079 3903 1133 3981 qui
1180 3905 1272 3966 etalii
1285 3920 1407 3967 omnes.
1423 3905 1530 3984 Neque
1545 3905 1584 3967 ab
1600 3906 1661 3967 boc
1676 3916 1807 3969 numero
1821 3907 1917 3970 debet
1931 3907 2057 3971 excindi

260 3986 333 4048 illas
349 3990 543 4064 oppugnant.
1178 3986 1443 4066 pheronymus,
1468 3986 1584 4065 quippe
1606 3988 1658 4065 qui
1683 3988 1810 4065 praelat.
1840 3990 1869 4049 1.
1896 3989 1929 4051 in
1957 3990 2056 4053 Parni.

302 4064 636 4129 Ilaeosentonliamihi
650 4062 839 4143 probabilior
850 4062 1027 4125 sidetanAc
1040 4065 1133 4127 eliam
1179 4069 1298 4131 scribit:
1313 4072 1339 4130 sl
1354 4070 1458 4131 versio
1473 4068 1525 4130 lb.
1542 4070 1660 4147 integra
1675 4069 1842 4132 haberetur
1855 4077 1890 4133 ut
1904 4071 1944 4132 ab
1960 4072 2006 4133 uis
2022 4087 2055 4134 e·

258 4150 325 4212 visa
348 4154 397 4211 est
420 4146 609 4227 probabilior
624 4147 817 4208 Titelmanna
833 4144 863 4205 in
879 4146 958 4225 prol.
975 4147 1130 4227 apologet.
1178 4150 1241 4211 dila
1259 4151 1328 4213 luit.
1345 4150 1458 4213 trustra
1473 4165 1508 4212 se
1522 4150 1733 4212 laboraturum
1747 4150 1779 4213 in
1795 4152 1903 4214 ttlhttts
1924 4152 2056 4216 hanste-

261 4248 319 4310 pru
335 4232 413 4293 edit.
426 4230 523 4309 vulg,
538 4235 569 4291 et
579 4228 717 4291 Andreae
732 4228 825 4289 blasio
841 4228 968 4304 praelat,
983 4244 1065 4289 suar.
1079 4248 1132 4292 an·
1178 4230 1297 4294 randis.
1312 4232 1351 4294 Et
1365 4232 1495 4311 praelat.
1510 4232 1542 4293 2.
1555 4232 1643 4306 dicit,
1656 4234 1851 4313 septuaginta
1866 4234 2055 4312 interpretes

261 4320 361 4377 notat.
384 4312 417 4375 in
439 4311 546 4373 losue.
563 4308 636 4372 Naar
663 4310 744 4387 qaod
766 4308 888 4372 Justino
911 4308 1019 4372 ludaei
1045 4311 1132 4374 tabu-
1179 4312 1293 4391 Spiritu
1316 4315 1428 4376 Sancto
1445 4314 1556 4392 plenos
1572 4329 1653 4392 qaae
1667 4330 1737 4375 vera
1753 4322 1826 4378 sunl
1840 4318 2048 4380 transtulisse.

259 4397 321 4457 lam
345 4411 361 4455 a
384 4410 419 4457 se
441 4393 603 4455 conilctam
620 4392 842 4471 persuaserint,
860 4397 890 4453 et
905 4391 1055 4471 quasdam
1070 4394 1131 4456 rui·
1178 4394 1213 4457 In
1228 4396 1370 4476 apologia
1386 4410 1510 4475 quoque
1532 4402 1638 4457 contra
1661 4396 1816 4459 ilullinum
1838 4398 1894 4460 lib.
1917 4400 1949 4460 2.
1973 4399 2054 4461 alllr·

260 4494 318 4539 nas
333 4476 551 4546 ostendentes,
566 4476 694 4537 cellulas
707 4490 778 4536 esse
791 4474 924 4537 dixerint
936 4477 1130 4553 septuaginta
1179 4485 1259 4554 mat,
1283 4494 1319 4541 se
1340 4494 1500 4557 nunqnam
1517 4478 1569 4541 tlt.
1584 4478 1806 4557 interpretibus
1821 4480 1985 4543 detrahere
1999 4498 2052 4543 vo·
2170 4523 2173 4530 -

259 4559 480 4638 interpretum,
495 4556 787 4636 laeileheripolui13
803 4572 862 4619 nec
876 4557 981 4619 minas
995 4556 1086 4620 lacile
1100 4564 1132 4620 at
1179 4559 1289 4623 luisse.

259 4640 387 4703 tustino
398 4640 463 4701 viru
475 4644 582 4702 sanato
594 4638 685 4703 fldem
699 4639 862 4701 habuerint
874 4638 968 4718 aliqui
981 4641 1132 4717 posteriu-
1219 4640 1263 4703 Er
1284 4656 1346 4721 qno
1363 4640 1579 4721 intelligimus,
1598 4656 1671 4706 eum
1685 4658 1755 4705 cum
1770 4642 1973 4723 reprehendit
1987 4659 2054 4709 rer·

257 4740 324 4786 res.
341 4728 377 4783 Al
392 4722 562 4784 Aristaeum
585 4722 636 4800 qai
660 4720 820 4794 interluit,
837 4721 946 4783 talsarn
963 4722 1131 4800 scripsisse
1179 4723 1300 4787 sionem
1317 4724 1382 4799 ttt.,
1406 4742 1468 4785 non
1490 4724 1723 4803 reprehendere
1738 4726 1838 4804 ipsam
1852 4727 2051 4800 versionem,

255 4804 411 4868 credibile
434 4820 496 4865 non
520 4810 578 4866 est.
596 4801 683 4879 Quod
700 4804 782 4864 enim
799 4804 972 4865 hadericus
988 4806 1076 4866 lires
1098 4806 1130 4866 in
1155 4880 1156 4883 Ἴ
1178 4808 1234 4869 sed
1256 4807 1326 4869 rilia
1349 4821 1427 4884 quae
1449 4807 1481 4867 in
1504 4821 1574 4870 cam
1595 4812 1706 4885 postea
1726 4808 1929 4886 irrepserunt,
1952 4809 2052 4887 negli-

255 4904 329 4966 rnp.
347 4886 472 4947 12111).
492 4885 541 4947 18.
559 4885 646 4947 Ciril.
663 4886 731 4961 Dei,
749 4890 778 4947 el
793 4885 854 4947 Leo
876 4902 892 4945 a
916 4884 1020 4948 Castro
1042 4902 1130 4965 prae·
1177 4888 1293 4967 gentia,
1315 4889 1365 4950 rel
1386 4888 1512 4963 malitia,
1540 4894 1592 4949 aut
1612 4888 1704 4951 etium
1721 4888 1892 4969 ignorantia
1907 4890 2050 4953 aliorum.

254 4970 311 5030 lat.
330 4968 363 5030 in
378 4972 580 5030 commentar.
597 4967 695 5029 Isaiae
711 4984 780 5047 cap.
797 4966 849 5029 aa.
862 4967 980 5041 dicunt,
993 4968 1077 5031 hane
1093 4970 1129 5031 li·
1177 4970 1265 5043 Quod
1280 4974 1382 5033 autem
1398 4972 1449 5045 ait,
1464 4970 1652 5050 interpretes
1678 4987 1745 5045 eos,
1768 4987 1832 5033 non
1853 4976 1960 5049 rales3
1986 4988 2052 5035 nou

253 5052 350 5111 hrum
366 5060 429 5112 non
446 5066 518 5111 esse
534 5048 595 5112 reri
612 5048 751 5125 Aristaei,
766 5050 821 5111 sed
835 5048 1001 5111 conticium
1016 5050 1054 5112 ab
1070 5052 1128 5113 lle·
1176 5060 1316 5132 puguant
1330 5069 1401 5114 eam
1415 5068 1465 5125 ec,
1481 5054 1565 5133 quud
1581 5054 1632 5116 alii
1649 5053 1766 5134 passim
1781 5053 1900 5127 dicunt,
1918 5055 2052 5132 prophe·

252 5132 375 5207 hraeis‚
389 5128 466 5194 nibil
481 5148 530 5193 me
541 5138 655 5210 morat3
668 5148 737 5193 nam
750 5132 850 5213 omnia
864 5146 943 5213 quae
957 5132 1126 5210 losephus,
1175 5140 1222 5197 las
1238 5150 1293 5198 eos
1307 5134 1405 5196 luisse
1426 5137 1530 5212 polius
1552 5152 1646 5215 quarn
1667 5135 1874 5215 interpretes:
1898 5152 1969 5197 narn
1992 5151 2051 5198 nee

251 5215 475 5290 Tertullianus,
495 5212 659 5289 Eusebius,
674 5214 922 5294 etliieronymus
937 5228 974 5275 ar
990 5214 1128 5278 Aristaeo
1175 5216 1227 5278 ahi
1248 5218 1356 5279 reluat
1376 5216 1500 5292 dicere,
1516 5218 1642 5297 proprie
1668 5232 1723 5280 ens
1749 5218 1847 5280 luisse
1863 5218 2046 5295 propbetas,

249 5296 429 5375 proterunt,
446 5296 479 5358 in
495 5297 554 5359 bac
569 5301 696 5371 nostro,
713 5296 765 5376 qui
782 5312 866 5359 nunc
881 5302 990 5373 exstat,
1007 5296 1045 5358 ad
1061 5312 1126 5360 rer·
1174 5299 1231 5361 sed
1252 5303 1368 5360 tanturn
1385 5296 1499 5377 Spiritu
1516 5299 1629 5362 Sancto
1643 5299 1842 5379 peculiariter
1862 5299 2043 5361 illustratus:

248 5380 331 5441 bum
347 5378 533 5441 invenimus.
1173 5396 1278 5459 nequa
1297 5381 1329 5442 id
1343 5379 1548 5461 Hieronymus
1559 5389 1664 5463 negat,
1677 5387 1711 5445 ut
1721 5397 1759 5445 er
1770 5380 1874 5444 verbis
1896 5378 1996 5459 ipsius
2016 5395 2048 5443 u-

291 5462 345 5535 At,
370 5461 525 5537 inquiant,
542 5458 735 5539 Epiphanius
750 5459 919 5523 Aristaeum
934 5460 1010 5539 legit
1032 5464 1068 5523 el.
1083 5461 1126 5523 ei·
1174 5463 1360 5526 stendimus.

249 5548 304 5619 tat,
330 5546 361 5603 el
378 5547 478 5603 tamen
494 5543 636 5605 meminit
651 5542 845 5614 cellularum,
869 5542 958 5619 quud·
969 5542 1126 5605 nunaaee-
1212 5545 1358 5616 Accedit,
1375 5544 1457 5623 quod
1473 5545 1604 5624 apostoli
1627 5545 1686 5607 hao
1705 5542 1850 5607 versione
1865 5542 2046 5622 irequanler

247 5632 309 5701 ret,
325 5620 399 5686 siin
412 5623 481 5702 ipso
494 5639 566 5687 vero
578 5624 706 5687 Aristaei
721 5624 799 5685 libro
815 5623 1053 5686 excluderentur
1064 5626 1126 5687 cel·
1173 5630 1311 5701 utuntur,
1329 5633 1361 5687 ut
1377 5643 1415 5689 er
1430 5642 1537 5688 eorum
1552 5626 1751 5689 citationibus
1765 5631 1859 5705 patet,
1884 5632 1915 5687 at
1938 5631 2046 5705 aperte

247 5708 350 5770 latae.
367 5704 480 5768 Nescio
496 5706 570 5785 qnid
586 5706 648 5769 Lau
673 5724 688 5767 a
713 5706 817 5769 Castro
832 5706 904 5767 velit
919 5705 1074 5769 confluere
1089 5722 1127 5769 ea
1174 5708 1203 5767 id
1219 5710 1331 5769 asserit
1344 5708 1492 5771 irenaeus
1503 5708 1558 5771 lib.
1572 5708 1603 5770 3.
1617 5724 1685 5786 cap.
1701 5707 1751 5769 td.
1764 5708 1858 5769 immo
1871 5707 1962 5770 etiam
1975 5708 2047 5787 ipse

247 5790 313 5853 hoe
328 5786 510 5850 testimonio
526 5788 704 5867 Epiphanli:
720 5788 767 5849 vel
784 5787 866 5849 euim
881 5788 944 5849 vult
960 5786 1125 5851 conclude·
1173 5788 1380 5868 hieronymus
1393 5789 1717 5870 praelat.erangel.ad
1729 5789 1951 5852 DamasumEt
1961 5795 2046 5869 pust-

248 5886 297 5947 re,
320 5876 464 5949 tempure
489 5868 655 5951 Epiphanii
683 5870 796 5932 librrnn
822 5869 952 5931 Aristaei
975 5870 1128 5949 integram
1175 5872 1300 5933 mudum
1315 5870 1467 5933 catholica
1483 5872 1621 5935 Ecclesia
1636 5872 1742 5934 multis
1756 5871 1892 5935 saeculis
1916 5873 2048 5934 eandem

251 5952 367 6025 luisse,
384 5958 416 6014 et
427 5958 534 6031 postea
548 5966 619 6015 esse
632 5957 823 6032 corruptam,
837 5957 868 6013 et
879 5956 952 6013 lanc
968 5952 1130 6016 manifeste
1176 5952 1462 6033 interpretationem
1470 5959 1581 6017 secuta
1597 5960 1666 6029 est,
1689 5961 1722 6017 at
1742 5952 1826 6017 idem
1842 5954 2048 6035 Hieronymus

253 6034 411 6099 relellitur
426 6048 462 6097 ex
477 6033 615 6113 tosoplro
631 6040 660 6097 et
675 6034 824 6111 Eusebio,
839 6032 893 6115 qui
907 6037 978 6098 aute
997 6034 1131 6115 epipha,
1177 6034 1303 6119 praelat.
1332 6036 1361 6099 1.
1388 6037 1421 6099 in
1446 6036 1577 6117 Paralip.
1601 6036 1719 6100 scribit.
1742 6035 1868 6100 Accedit
1889 6036 2047 6115 denique,

480 6134 649 6193 Britannum.
671 6132 729 6192 Vol.
749 6136 771 6193 1.
1874 6138 1909 6195 10
