4792 7009
439 693 492 754 lid
1165 695 1212 754 nli
1231 693 1373 756 ellltlslo
1411 721 1414 728 ¹

365 825 429 892 lioc
441 826 818 908 {cummpeipetririiii
833 827 882 893 td
903 828 1092 910 memorii
1122 833 1235 894 cutem
1280 835 1310 894 ct
1324 827 1497 907 nunciam
1506 825 1545 892 in
1557 823 1682 892 mundo
1697 828 1753 892 est.
1776 821 1834 888 libi
1861 825 1970 897 nolant
1987 841 2052 890 non
2076 841 2150 894 esse

365 909 488 989 ajebat:
503 911 586 973 Ecce
598 927 720 974 cursim
734 918 837 985 tumn,
860 912 961 976 redde
976 913 1088 976 lumin
1110 927 1232 986 meins,
1280 914 1397 977 dictum
1413 913 1443 974 in
1460 927 1585 975 carnem
1600 911 1735 978 vonisse,
1752 923 1793 972 ne
1805 909 1883 972 lorle
1895 915 2075 988 putaremus
2096 911 2149 974 ali·

367 995 457 1138 good
470 993 544 1056 doto
561 1000 615 1056 tuo
627 995 772 1074 perdidi,
788 1000 998 1076 ocsmmropu‘
1009 996 1236 1076 pturtoiisitmt
1279 1013 1371 1076 auam
1388 1009 1551 1079 personam
1569 993 1703 1056 diuinam
1718 991 1944 1066 descendisse,
1972 999 2004 1054 ct
2023 1009 2148 1060 earnem

390 1076 554 1150 hristioui,
569 1092 612 1139 nc
629 1078 816 1155 ampinana
829 1079 998 1153 niseum,
1014 1079 1072 1142 sed
1084 1080 1236 1144 uelociter
1279 1081 1503 1158 assumpsisse:
1518 1076 1573 1139 sed
1588 1075 1620 1138 in
1636 1091 1741 1148 carne,
1755 1081 1790 1136 ut
1805 1075 2049 1155 intelligeremus
2064 1076 2149 1140 Chri·

364 1159 545 1222 smcurritc
567 1161 731 1238 pereimti:
756 1177 831 1227 uere
856 1162 945 1224 enini
969 1164 1127 1242 capuaci,
1153 1168 1236 1243 poia
1281 1169 1361 1226 stum
1379 1161 1455 1224 nihil
1472 1158 1763 1238 assuetudinem
1785 1175 1922 1232 carnem,
1936 1158 2028 1232 idest,
2051 1159 2148 1224 homi·

365 1236 450 1304 hui:
460 1258 530 1304 non
540 1242 801 1307 irrideturdltru
815 1247 923 1308 amicti
936 1244 1235 1310 immisericordia
1279 1261 1374 1310 mern.
1393 1243 1535 1322 Denique
1550 1241 1582 1304 in
1598 1242 1728 1321 epistola
1743 1240 1839 1304 tudae
1854 1241 1998 1304 dicuntur
2015 1241 2080 1322 jani
2100 1243 2147 1324 ip·

232 1367 242 1376 ..
364 1325 513 1388 marisii.
528 1326 946 1404 inquiunt,credis,omnic
959 1327 1132 1409 paniditi'c
1157 1333 1235 1392 amit
1282 1345 1318 1392 sc
1336 1335 1474 1406 ternpore
1489 1331 1559 1406 ejus
1576 1326 1761 1405 introgressi·
1780 1322 1893 1404 impii,
1920 1323 1974 1406 qui
2000 1333 2145 1406 aigum

367 1409 522 1470 medenti:
550 1415 583 1468 ct
597 1408 652 1469 itta
667 1409 1067 1489 clamabatumcmopnci
1095 1409 1236 1488 minoia
1279 1411 1389 1482 licum,
1408 1417 1439 1474 cl
1453 1405 1620 1472 Christum.
1715 1425 1717 1434 ’

366 1491 540 1553 crediderit
554 1489 714 1552 Christum
724 1492 847 1555 Filium
857 1493 959 1557 nitu
971 1494 1234 1574 Spiritumscnc·
1321 1493 1519 1572 Respondco:
1534 1492 1641 1556 mirum
1657 1504 1730 1554 esse
1742 1487 1856 1552 diaboli
1869 1488 2022 1562 astutiam,
2033 1491 2085 1570 qui
2096 1507 2144 1556 er·

367 1574 624 1651 tumaepualcni
645 1573 764 1637 laidem
777 1576 1006 1654 auditoiiti'om,
1023 1584 1121 1658 atque
1132 1577 1235 1640 deilo-
1280 1582 1461 1656 gumerium
1479 1574 1705 1644 Calliollcorum
1720 1571 1761 1636 ab
1777 1571 2003 1651 antiquitatem
2015 1589 2144 1638 coama-

367 1662 432 1717 tcni
443 1671 517 1716 cum
530 1655 594 1716 lico
607 1656 711 1725 l'otre,
729 1656 825 1721 hodie
840 1674 926 1739 qliae
941 1677 996 1736 apo
1012 1661 1151 1740 persero,
1173 1676 1234 1740 pa·
1278 1675 1317 1722 su
1334 1662 1425 1722 totius
1443 1659 1527 1721 urhis
1544 1663 1692 1720 terrarum
1708 1656 1848 1735 petitum,
1867 1655 1898 1716 in
1914 1670 1971 1718 nos
1986 1661 2143 1736 retorque·

367 1736 683 1814 licionatensem:
702 1738 802 1802 Credo
816 1741 919 1804 Deum
943 1741 1073 1807 Patrem
1088 1743 1235 1821 omnipo·
1279 1757 1313 1804 ro
1332 1740 1547 1806 nunciansei
1565 1736 1949 1819 laclleeritohjeclionem
1977 1738 2060 1804 lianc
2086 1741 2145 1820 pri·

366 1817 600 1883 timenzcrcuo
616 1819 739 1883 Fit-ium
750 1825 807 1885 lici
823 1823 1234 1906 Cliristamleaumaequa·
1279 1839 1358 1889 marn
1377 1825 1508 1887 diluere:
1537 1828 1667 1890 constal,
1684 1822 1780 1898 enim,
1806 1819 2062 1901 propositionem,
2088 1841 2146 1903 pur

367 1902 431 1964 tciri
445 1901 549 1964 Patri:
567 1901 666 1964 Credo
682 1905 840 1982 Spiritum
854 1913 1005 1970 sanctum
1019 1908 1120 1985 Patri,
1136 1915 1166 1972 cl
1180 1909 1234 1973 et·
1279 1911 1376 1970 tolum
1392 1913 1607 1988 argumentum
1621 1904 1737 1980 nititur,
1755 1920 1826 1968 esse
1842 1903 2051 1968 ritslsstmani:
2077 1923 2146 1972 nom

366 1985 410 2048 lio
422 1984 740 2056 mnsuhstontiolem,
756 1996 854 2069 ulpici
867 1997 1087 2054 cooetmnmn.
1278 1989 1304 2052 si
1319 1990 1421 2058 statim
1439 2007 1456 2052 a
1473 1995 1570 2052 morte
1586 1987 1698 2052 Christi
1724 2003 1794 2048 reru
1816 1986 1909 2050 Fidus
1936 1987 2005 2066 eius
2021 1990 2146 2068 penitus

365 2113 369 2122 .
405 2067 993 2142 Hoccilticudiciites,atsci'noiicm
1013 2073 1231 2138 honorcmu·
1277 2067 1875 2140 abolendnerat,currcnitChrislust
1900 2071 2145 2136 ourlnhorarilt

364 2156 421 2212 tuo
435 2151 896 2229 promenicnteaarlturtiiter
907 2172 960 2218 eos
973 2164 1089 2220 sancta
1102 2162 1233 2220 conten·
1281 2170 1336 2218 cur
1350 2155 1428 2218 muri
1444 2153 1554 2218 voluit?
1569 2153 1607 2214 tlt
1621 2153 1696 2216 nihil
1715 2152 1855 2216 iaceret?
1878 2158 1908 2214 al
1920 2153 1996 2216 hacc
2017 2155 2144 2220 stultttti

366 2234 425 2309 tio,
440 2234 515 2314 quis
530 2234 632 2296 ocutis
647 2234 717 2312 ejus
729 2236 862 2314 nanum
876 2237 989 2302 heatae
1000 2238 1110 2302 Crucis
1129 2240 1234 2320 impu·
1279 2237 1400 2312 luisset,
1418 2253 1496 2316 puae
1512 2236 1543 2301 lo
1561 2251 1711 2300 summam
1738 2233 1920 2314 sapientiam
1945 2236 2058 2300 cudere
2084 2254 2144 2303 noa

364 2325 467 2380 saciet.
484 2315 703 2393 vindemialis,
720 2335 760 2380 ac
775 2319 941 2399 donpinua
954 2321 1153 2399 Eugenium,
1177 2323 1234 2386 iile
1281 2327 1410 2400 poterat.
1428 2321 1558 2394 Deinde,
1576 2319 1602 2382 si
1615 2320 1741 2382 omnino
1757 2318 1796 2382 ita
1812 2318 1946 2382 laturum
1971 2323 2049 2392 crat,
2072 2319 2144 2398 ouitl

364 2415 384 2462 c
398 2405 512 2461 contra
525 2414 578 2461 eas
592 2405 764 2476 cocorot,nt
776 2418 897 2466 monus
908 2405 1112 2483 imponerent
1122 2421 1231 2470 cacco.
1278 2418 1356 2482 opus
1368 2403 1423 2465 luit
1436 2418 1637 2483 praemonere
1651 2407 1684 2464 ul
1696 2416 1875 2464 careremus
1885 2418 1902 2462 a
1913 2402 2143 2480 seductoribus,

365 2479 1105 2567 Qriodcum.t'ccisscnt,ctmanussuassupcr
1132 2495 1234 2567 caput
1277 2489 1329 2564 oui
1346 2487 1431 2550 nullu
1446 2488 1536 2548 modu
1553 2486 1695 2564 impediri
1711 2490 1864 2563 poterent,
1881 2501 1921 2548 ne
1943 2481 2038 2548 tottini
2055 2503 2144 2550 mun·
2195 2513 2198 2528 ι

364 2564 440 2645 ciiii
460 2569 763 2640 truncationum
781 2567 950 2649 Eupcuius
978 2569 1112 2633 Crucem
1135 2586 1236 2647 super
1278 2569 1350 2631 dum
1368 2570 1594 2648 perverterent?
1608 2567 1749 2647 lienique
1766 2565 1819 2630 ulii
1844 2572 1952 2632 essent
1975 2568 2045 2630 illac
2074 2585 2145 2647 pro·
2168 2571 2182 2590 ’

363 2646 477 2709 ocutos
488 2647 580 2710 cocci
594 2647 718 2724 sociem
730 2651 833 2714 aitsln
843 2654 977 2715 nomine
991 2651 1142 2723 Patrium
1154 2654 1238 2718 Filii
1276 2653 1443 2716 missiones
1459 2652 1596 2714 lliniclls
1613 2650 1643 2712 2.
1661 2658 1690 2714 et
1707 2651 1817 2714 lucae.
1845 2650 1875 2712 l.
1904 2651 1944 2714 lit
1957 2651 2050 2728 rapui
2071 2652 2144 2732 niis

363 2734 397 2794 ct
411 2729 557 2808 Spiritus
569 2732 677 2793 soracti
688 2731 836 2808 imina,
853 2751 950 2814 quiem
975 2737 1235 2802 trinominano
1276 2749 1346 2798 non
1360 2737 1420 2800 crit
1430 2733 1525 2814 finis?
1539 2734 1576 2798 lit
1591 2734 1641 2796 illc
1658 2731 1769 2796 Christi
1785 2731 1889 2795 liatth.
1903 2731 1953 2798 lli.
1967 2731 2145 2800 Porlcci'u·

362 2811 696 2893 aequalitatemque
723 2817 958 2896 omnipotentio
982 2816 1184 2898 confitemur,
1197 2837 1235 2883 a·
1274 2817 1341 2896 seri
1353 2835 1422 2882 nori
1431 2816 1666 2897 praesciebant
1680 2816 1836 2880 amorim
1847 2815 2145 2882 ccm.litllatlh.ulli

362 2894 539 2976 perdantur
556 2895 643 2957 oculi·
657 2896 716 2958 tui.
740 2899 779 2960 nt
795 2900 906 2963 statim
931 2901 1038 2962 ablato
1064 2901 1175 2965 dolare
1190 2906 1235 2968 ad
1276 2901 1347 2980 dlpo
1360 2901 1526 2965 achiacum
1552 2915 1626 2964 sum
1652 2913 1757 2979 usaue
1774 2899 1819 2962 ad
1833 2900 2147 2966 cmnmnnaoti'ottttn

360 2978 540 3059 pristinam
559 2978 657 3040 rediit
669 2983 858 3045 sanitatem
870 2987 948 3047 hacc
962 2985 1028 3046 illc.
1044 2983 1234 3064 dunenses
1277 2986 1414 3048 saeculi.
1444 2984 1500 3046 Ulii
1517 2984 1606 3046 oliam
1624 2983 1694 3046 illoc
1723 2979 1946 3061 promissiones
1971 2987 2144 3061 manerent

361 3062 404 3124 de
419 3061 533 3132 Spiritu
549 3063 837 3128 sanctosulllcienl.
1099 3104 1102 3112 ·
1278 3073 1509 3146 onrncsgentes
1538 3067 1569 3127 in
1596 3064 1750 3128 Christum
1777 3063 1947 3130 credituras
1972 3067 2147 3130 leslanturi

407 3141 496 3205 llum
509 3144 548 3206 od
564 3150 751 3224 postremum
765 3147 983 3227 disputationis
995 3152 1115 3230 partem
1128 3150 1234 3214 recia·
1276 3149 1397 3218 Coccs,
1420 3149 1471 3211 22.
1486 3149 1723 3212 Benedicentur
1745 3148 1784 3212 in
1809 3148 1933 3210 sanine
1955 3153 2011 3210 toa
2034 3163 2146 3214 omne:

362 3231 546 3304 niuemque
560 3227 806 3293 adremariomm
819 3238 1000 3313 argumente
1014 3232 1149 3297 lircritcr
1159 3250 1234 3298 con·
1276 3239 1387 3310 pentes
1404 3230 1730 3296 lenocinantium
1739 3229 1797 3292 tilii
1806 3236 1915 3309 pentes
1929 3229 2147 3296 sumamma

361 3306 514 3372 dolemus.
854 3355 858 3362 .
1278 3322 1388 3384 tuam,
1417 3315 1691 3394 etpassessicnem
1719 3321 1820 3386 tuam,
1845 3314 1999 3378 nunnius
2025 3319 2145 3379 terrac.

581 3423 585 3428 ·
1276 3396 1358 3460 Psat.
1377 3398 1618 3460 itinerabant
1629 3411 1704 3460 cuni
1719 3410 2057 3476 omncsrcpciamneo
2068 3413 2147 3476 pen·

1275 3487 1323 3544 tes
1334 3482 1473 3544 seruiunt
1489 3481 1531 3542 ci.
1548 3479 1629 3542 llaec
1644 3480 1726 3542 enirn
1749 3477 1850 3542 omnio
1867 3494 1997 3544 necesse
2028 3486 2078 3542 cst
2093 3479 2147 3544 icl-

676 3558 801 3624 CAPUT
821 3561 901 3628 xttl.
1277 3579 1310 3626 sa
1327 3579 1410 3635 csse,
1427 3565 1454 3626 si
1470 3562 1582 3626 Christi
1598 3577 1727 3640 regnum
1747 3561 1797 3624 rix
1824 3562 1896 3624 dum
1922 3567 2064 3626 exortum
2092 3565 2146 3628 do·

1276 3647 1456 3710 struendum
1473 3655 1547 3709 crat:
1562 3661 1620 3708 nec
1633 3643 1807 3710 testimonia
1820 3645 1859 3708 ab
1872 3645 2057 3710 adversariis
2070 3646 2144 3710 alla·

392 3717 537 3785 sotiani
547 3723 696 3802 pmmum
708 3733 939 3806 ornumornum
951 3727 1201 3793 lmcrclicorum.
1276 3730 1488 3809 montiacum
1504 3728 1644 3808 probunt.
2131 3776 2135 3785 .

1289 3811 1293 3824 '
1314 3813 1360 3876 hd
1377 3813 1507 3892 primurn
1523 3811 1590 3874 luco
1603 3811 1684 3876 dico:
1697 3808 1739 3872 ihi
1753 3825 1814 3874 non
1827 3808 1934 3876 habiri
1947 3811 2049 3874 statim
2063 3827 2139 3876 ren·

401 3883 498 3964 lgltur
513 3888 608 3965 primi
623 3889 762 3970 objectio
776 3891 1052 3973 Transplrnnorum
1064 3893 1228 3976 lih.l.cup.
1276 3898 1377 3958 turum
1401 3894 1631 3968 antichristum,
1655 3909 1714 3956 nec
1728 3892 1911 3956 abolendam
1926 3908 1997 3956 esse
2010 3895 2142 3960 omnino

366 3968 397 4062 l..
414 3969 485 4029 tulis
500 3977 558 4032 cst.
576 3971 716 4036 Christus
730 3981 761 4036 et
775 3977 905 4053 aposloli
929 3977 1146 4055 praedixerunt
1169 3987 1230 4040 sta-
1275 3975 1380 4042 Fidem
1408 3977 1530 4042 Christi:
1558 3977 1616 4042 sed
1638 3982 1798 4042 tantarum
1821 3989 1878 4038 suo
1901 3981 2040 4055 tempore
2055 3976 2142 4040 nnti-

365 4056 420 4111 hnr
436 4059 596 4115 uenturum
609 4058 829 4119 ltrrtichristum
844 4059 940 4139 luisse
956 4066 1024 4136 post
1033 4060 1144 4122 Christi
1164 4061 1230 4124 obi·
1275 4062 1435 4138 christum,
1461 4059 1613 4133 videlicet,
1631 4074 1728 4139 prope
1743 4059 1835 4120 llnam
1852 4057 1970 4126 mundi.
1986 4063 2142 4124 et-renlu·

363 4137 443 4206 tum,
456 4142 487 4196 ct
501 4136 801 4203 aboliturumhidem
817 4157 917 4203 rorem
934 4139 1057 4204 Christi:
1071 4143 1127 4205 sed
1143 4144 1226 4207 rido-
1275 4159 1341 4206 rum
1359 4143 1389 4205 in
1407 4144 1531 4206 nomine
1557 4158 1627 4215 suu,
1644 4158 1706 4206 non
1721 4141 1751 4206 in
1768 4141 1894 4204 nominc
1906 4140 2017 4204 Petris.
2033 4143 2070 4204 dl
2086 4159 2142 4206 no·

365 4229 435 4277 mus
449 4224 520 4294 post
535 4217 645 4281 Christi
662 4229 789 4284 mortem
803 4228 867 4286 totu
888 4225 963 4288 orhe
984 4231 1131 4287 terrarum
1154 4227 1227 4289 ado·
1270 4231 1336 4288 ster
1361 4225 1511 4300 Christus,
1538 4241 1631 4304 quoni
1652 4229 1734 4294 lotus
1754 4224 1890 4287 mundos
1914 4225 1998 4296 colit,
2016 4224 2140 4288 Panem

363 4301 574 4394 ηιῑυςιιρειιπι
590 4303 701 4365 trinum
717 4304 750 4366 in
765 4306 907 4384 personis
917 4316 948 4370 et
963 4323 1059 4370 unum
1074 4308 1105 4370 in
1117 4318 1225 4371 essen·
1271 4307 1376 4385 trahel,
1400 4308 1517 4372 Putrem
1529 4307 1668 4387 agnoscit
1683 4313 1713 4370 et
1728 4305 1758 4370 in
1776 4306 1901 4369 nomine
1922 4307 2016 4370 Patris
2038 4308 2137 4374 iecit.

356 4385 418 4475 ·lra;
433 4389 526 4460 igitur
540 4390 592 4446 out
605 4385 695 4448 lildcs
710 4387 864 4450 Trinitatis
894 4398 943 4452 cst
956 4390 1048 4453 Fides
1074 4391 1226 4453 Antichri·
1269 4388 1410 4470 Denique
1422 4393 1465 4452 ihi
1479 4389 1617 4454 Christus
1633 4389 1798 4469 ulloquitur
1808 4389 1894 4452 sulus
1905 4387 2051 4464 ludaeos,
2066 4405 2140 4454 nam

363 4467 416 4534 sti,
429 4470 480 4524 inl
494 4473 578 4530 certo
591 4470 709 4529 mariliti
725 4479 797 4532 sunt
811 4469 951 4536 Christus
972 4480 1004 4535 et
1017 4474 1160 4553 apostoli.
1270 4489 1340 4536 uum
1367 4473 1505 4536 dixisset:
1522 4473 1697 4549 Propterea
1710 4471 1912 4552 quaerebant
1926 4487 2001 4534 eum
2015 4471 2141 4538 ,limaci

405 4543 649 4623 Propositlonem
664 4551 714 4612 his
730 4553 914 4617 testimoniis
925 4555 1068 4636 probent.
1089 4555 1178 4618 loun.
1191 4554 1223 4618 5.
1271 4553 1462 4636 hilerficere,
1478 4556 1649 4637 subjungit,
1666 4556 1754 4620 dicit
1768 4570 1842 4634 erpo
1858 4556 1903 4617 eis
1917 4554 2009 4618 lestis
2024 4559 2086 4618 ctu.
2100 4555 2141 4620 dt

364 4625 717 4726 speciosissimae
731 4634 925 4709 Patrismei,
949 4639 1064 4702 cinon
1076 4639 1223 4717 mupttis
1272 4637 1379 4704 ludarii
1408 4639 1560 4704 Christum
1578 4645 1715 4702 nostrum
1732 4653 1793 4700 non
1810 4644 2006 4716 receperunt,
2021 4637 2080 4702 scd
2093 4643 2141 4700 to-

361 4725 426 4807 mc:
438 4726 473 4811 si
485 4713 571 4775 claris
584 4717 709 4778 acuunt
720 4718 758 4780 in
771 4720 903 4782 nominc
930 4737 1002 4794 auo,
1030 4721 1126 4784 illum
1144 4723 1226 4785 reci·
1273 4723 1311 4784 tis
1327 4722 1442 4786 rirlhus
1457 4727 1625 4801 oppugnat,
1643 4737 1701 4784 nec
1715 4720 1814 4784 ileum
1828 4725 1860 4783 ct
1873 4721 2031 4782 hominem
2045 4736 2141 4784 suunt

362 4799 471 4891 pictis.
488 4793 565 4858 ltcnr
579 4795 669 4859 toan.
685 4798 716 4860 9.
732 4800 780 4863 lla
807 4809 930 4880 oportet
956 4804 1059 4866 donec
1084 4805 1223 4880 diesem,
1271 4802 1414 4868 llcssiam
1441 4807 1574 4868 laturum
1601 4803 1741 4876 credunt,
1758 4802 1813 4866 sed
1830 4817 1938 4883 purum
1961 4803 2138 4882 hominem:

360 4884 453 4939 acuit
466 4883 668 4956 cinomiam,
695 4883 734 4945 i‘n
747 4899 815 4963 quo
833 4901 929 4947 nenia
951 4891 1055 4964 potest
1078 4889 1223 4965 operari:
1270 4885 1323 4950 ille
1339 4889 1430 4968 igitur
1444 4888 1483 4950 dc
1498 4903 1559 4966 ouo
1575 4885 1714 4949 Christus
1728 4885 1873 4965 loquitur,
1890 4901 1951 4948 non
1967 4891 2015 4948 ist
2031 4893 2142 4950 noster

363 4961 526 5037 quamdiu
537 4962 577 5024 i‘n
587 4965 711 5028 maudo
722 4982 806 5043 amn,
823 4967 884 5033 lum
896 4984 971 5030 oum
994 4970 1123 5031 mundi.
1148 4969 1222 5034 Luc.
1270 4968 1410 5034 Christus
1426 4987 1516 5032 ierus
1530 4969 1625 5043 Ileus,
1641 4985 1734 5047 ouem
1746 4975 1855 5048 gentes
1867 4973 2066 5046 receperunt,
2080 4968 2141 5034 sed

363 5037 415 5102 2¹.
435 5041 540 5138 lidctc
552 5061 595 5107 nc
606 5048 823 5115 seducemini.
838 5051 934 5138 multi
947 5051 1035 5114 enim
1046 5052 1225 5118 iconium
1273 5058 1321 5116 est
1336 5052 1552 5126 hirtiihristus,
1567 5067 1658 5129 quem
1672 5049 1782 5114 ludaei
1796 5065 1852 5130 pro
1867 5050 1978 5114 llcssia
1994 5051 2140 5132 eliquen-

360 5137 580 5222 nomincirico
594 5129 745 5203 dicentes,
761 5133 911 5212 puiacpc
930 5148 1015 5207 ium,
1042 5141 1072 5196 ct
1099 5135 1224 5213 tempii
1269 5135 1309 5198 do
1333 5134 1496 5214 recipient,
1512 5140 1542 5196 et
1562 5133 1608 5198 sic
1633 5139 1789 5210 exponunt
1810 5135 1892 5196 huno
1907 5135 2009 5198 locuni
2025 5149 2140 5200 omncs

360 5213 650 5302 appropinquavit,
664 5215 851 5294 notitcerpu
867 5215 1224 5294 triporticuvlucln·
1270 5218 1466 5296 interpretes,
1489 5223 1520 5280 ut
1535 5215 1782 5296 chrysostomus,
1807 5216 2011 5298 Augustinus,
2041 5215 2138 5298 Cpril·

362 5298 484 5386 quiunt:
499 5295 653 5370 quomodo
669 5293 808 5361 Christus
822 5297 903 5361 ilicet
917 5307 1038 5376 ternpus
1058 5315 1134 5360 suco
1148 5299 1221 5360 alia·
1271 5301 1320 5362 lus
1336 5309 1366 5360 et
1380 5301 1505 5362 caeteri.

362 5369 480 5466 litionis
495 5373 526 5436 in
540 5377 677 5454 proximo
692 5377 1048 5443 luisse.dclur.2ll.scio
1062 5382 1223 5460 quoniam
1310 5381 1357 5444 Ad
1384 5383 1554 5444 secundnm
1580 5380 1681 5444 locum
1704 5381 1785 5444 dico:
1802 5381 1844 5444 ihi
1861 5397 1917 5462 pcr
1932 5386 2055 5444 noctem
2070 5395 2138 5446 non

360 5455 858 5547 intrahuntpmtdiscmsionem
869 5479 977 5526 nicam
991 5464 1064 5542 tupi
1082 5479 1219 5541 rapaces
1273 5463 1403 5544 intelligi
1431 5471 1552 5539 tempus
1574 5464 1655 5542 quod
1678 5464 1744 5540 luit,
1768 5471 1798 5527 ct
1819 5471 1867 5530 cst
1887 5463 1926 5527 ab
1949 5461 2140 5530 escensione

360 5549 478 5630 innoc,
491 5549 739 5620 noiiparcciitea
749 5549 852 5622 prepi.
867 5545 985 5609 Coloss.
1002 5546 1033 5608 2.
1054 5545 1158 5609 Videte
1176 5561 1221 5610 nc
1272 5545 1394 5625 Christi3
1411 5549 1498 5626 quusi
1514 5547 1581 5610 dies
1598 5553 1710 5610 lantum
1727 5547 1818 5610 luerit
1832 5553 1955 5625 tempus
1968 5547 2054 5619 illud,
2068 5561 2139 5623 quo

360 5631 435 5711 puis
443 5635 500 5712 aaa
514 5623 656 5702 decipiat
664 5643 724 5706 per
736 5628 975 5708 philosophiam
987 5633 1045 5691 etc.
1058 5629 1142 5703 Quae
1156 5645 1219 5692 me·
1272 5627 1411 5694 Christus
1439 5630 1638 5709 corporaliter
1653 5631 1683 5691 ln
1698 5629 1814 5692 mundo
1836 5630 1967 5692 rirehat:
1984 5627 2143 5710 deinceps

357 5715 409 5780 Jor
424 5701 630 5794 philosophia,
647 5711 1045 5790 quamdisputatiunesde
1071 5713 1217 5790 essentia,
1271 5720 1373 5776 aulem
1398 5729 1521 5792 semper
1546 5713 1634 5775 lucril
1661 5727 1732 5774 nun.
1758 5710 1830 5774 llam
1847 5712 1873 5776 si
1888 5711 1927 5774 ite
1945 5716 2042 5787 essct,
2066 5722 2146 5792 post

359 5782 532 5876 hypostasi,
549 5787 808 5856 relationibuslt.
825 5793 965 5858 Thessal.
982 5793 1012 5858 ².
1032 5795 1065 5859 h
1085 5797 1220 5858 etenum
1272 5795 1343 5875 ejus
1364 5797 1581 5860 ascensionem
1598 5810 1687 5858 nenio
1704 5793 1857 5872 potuisset
1871 5795 2004 5873 operari,
2022 5800 2053 5857 el
2069 5812 2147 5875 pro·

353 5881 427 5961 20231
435 5873 599 5963 ‚meatur
609 5870 806 5965 irriguitctls,
823 5885 881 5940 etc.
896 5878 924 5940 l.
950 5876 1038 5942 loon.
1061 5814 1093 5940 ἵ.
1110 5878 1219 5942 Omnia
1272 5877 1344 5942 inda
1370 5895 1461 5942 numu
1488 5883 1594 5958 posset
1608 5877 1742 5940 currrerli
1759 5884 1791 5939 et
1806 5877 1946 5940 credere:
1963 5877 2030 5940 Hoc
2046 5885 2095 5942 est
2109 5896 2146 5944 o·

356 5955 492 6046 optinui
506 5949 668 6047 puisotoit
681 5955 800 6033 tumn,
830 5959 1030 6024 cchonon
1049 5967 1104 6031 est,
1120 5967 1151 6024 ct
1163 5961 1216 6022 liic
1267 5977 1331 6040 pus
1351 5957 1421 6034 Dei,
1437 5961 1512 6026 lcan
1528 5959 1763 6024 diloricatis
1781 5961 1820 6024 iri
1833 5976 1919 6035 euni,
1935 5975 2036 6040 quens
2050 5963 2146 6028 misit

357 6035 403 6092 cut
416 6029 643 6113 Antichristus,
658 6035 698 6102 dc
712 6055 775 6118 quc
790 6040 928 6108 audistis
949 6043 1217 6125 puoniomocnil,
1270 6043 1338 6112 illc.
1361 6045 1399 6110 at
1412 6045 1438 6112 si
1455 6059 1545 6110 acino
1570 6047 1672 6124 polest
1694 6043 1832 6112 credere:
1850 6060 1943 6124 quare
1960 6049 2081 6108 tanturn
2098 6049 2144 6112 lu·
