4792 7009
446 722 500 778 21⁰
1137 730 1141 736 ⁴
1171 723 1217 784 DE
1237 717 1378 780 ClllllaTO

376 851 462 934 pium
478 850 570 915 lotlus
585 850 765 918 divinitatis:
781 855 832 920 nbi
851 863 953 920 tanton
968 870 1028 922 nort
1046 858 1109 923 rult
1120 857 1237 936 dicere,
1325 855 1415 918 Item.
1447 855 1497 918 vet
1514 853 1651 935 genitum
1667 861 1697 920 et
1713 851 1881 936 iiigeiiitom
1896 858 1967 918 sont
1981 853 2157 918 aeitdentti

377 935 563 999 diuinitatem
580 938 720 1015 produci,
737 939 792 1002 sed
815 940 935 1003 Putrem
957 957 1027 1006 esse
1053 943 1239 1022 principium
1285 940 1330 1002 rel
1346 939 1549 1002 substantiae.
1570 937 1600 1000 Si
1618 940 1761 1017 primum:
1778 955 1852 1018 ergo
1867 939 1897 1000 in
1913 937 2064 1002 llrneunt
2076 940 2157 1002 uoci·

375 1018 513 1083 ninnium
528 1019 700 1082 diuinarum
736 1030 961 1101 personarum:
989 1028 1239 1104 qunnooimntaiii
1285 1021 1399 1084 ileirtiu:
1416 1025 1440 1084 si
1460 1023 1645 1086 secundum:
1663 1038 1735 1102 ergo
1752 1021 1837 1086 later
1854 1028 1884 1083 et
1897 1020 1994 1084 Filius
2007 1021 2157 1090 diberent

378 1099 489 1162 lilium
512 1102 653 1178 producit
679 1119 735 1182 per
762 1112 1005 1184 generationem,
1033 1117 1062 1170 et
1091 1109 1240 1187 Spiritum
1284 1103 1537 1168 substantialiter.

378 1189 518 1246 sanetum
532 1201 589 1262 per
602 1187 813 1264 spirationem:
827 1190 895 1267 ipse
910 1198 1011 1252 autem
1038 1194 1152 1254 anutla
1170 1208 1239 1272 per·
1293 1219 1295 1224 v
1326 1187 1509 1268 llespundeo
1524 1185 1560 1250 ad
1578 1185 1704 1265 priorem
1722 1186 1883 1250 rationem:
1900 1186 1927 1248 Sl
1939 1193 2071 1266 Ulfflqlffl
2085 1204 2156 1267 9¹⁰·

375 1281 452 1330 sona
467 1273 520 1328 aut
536 1268 682 1347 gignitur,
700 1277 752 1332 aut
763 1272 906 1349 spiratur.
1113 1285 1123 1300 ·
1284 1271 1396 1347 positio
1412 1273 1451 1334 sil
1466 1270 1653 1338 alllruintira,
1671 1277 1854 1348 uimqueest
1867 1287 1947 1340 iera.
1965 1277 1997 1332 ει
2008 1272 2097 1332 iiulla
2111 1280 2155 1334 est

414 1347 456 1410 llil
473 1356 610 1427 iruarlam
625 1352 663 1412 de
679 1351 826 1431 Symbola
837 1353 1006 1417 dieu:illud
1023 1363 1239 1435 argumentum
1284 1353 1496 1417 contradictio.
1515 1353 1585 1416 llerii
1604 1352 1687 1414 Deus
1702 1361 1748 1412 est
1764 1353 1898 1430 gemitus,
1913 1358 1942 1414 et
1955 1352 2097 1416 beusest
2113 1353 2154 1416 iu·

375 1431 506 1493 militare
523 1442 626 1494 eontra
643 1434 841 1498 Renuntiatum
853 1437 987 1499 llretinm
1001 1439 1237 1519 zwingltanuiu.
1284 1437 1405 1514 genitus
1420 1453 1480 1498 nun
1493 1444 1564 1498 sunt
1577 1434 1840 1500 contradictoriae.
1850 1437 1919 1512 quia
1931 1436 1960 1498 iii
1974 1437 2072 1514 prima
2085 1453 2152 1516 pre·

375 1513 431 1576 ltla
444 1516 527 1576 enini
540 1516 661 1578 iuliist.
677 1517 716 1580 da
730 1519 866 1597 supplic.
886 1521 1002 1584 l'aleiit.
1035 1523 1146 1586 Gontil.
1167 1543 1236 1604 aap.
1285 1520 1439 1594 positione
1453 1519 1536 1582 lteris
1552 1517 1701 1596 neeipttui·
1716 1533 1772 1595 pru
1788 1516 1878 1590 Filia,
1895 1519 1926 1580 iu
1942 1521 2081 1582 secunda
2096 1537 2151 1598 prii

374 1595 405 1667 b.
422 1604 452 1658 at
468 1599 515 1658 lt.
533 1615 602 1662 cum
619 1601 753 1662 nesciret
766 1603 956 1680 respendere
968 1605 1006 1666 ad
1021 1616 1238 1684 argumentum
1284 1600 1382 1664 l’atre.
1399 1604 1433 1664 ilt
1448 1603 1473 1666 sl
1490 1601 1541 1664 liat
1556 1601 1649 1664 alteia
1666 1599 1802 1678 negativa
1819 1601 1877 1664 boc
1894 1602 1996 1674 inodu,
2011 1600 2151 1666 [tanseat

376 1677 515 1754 delitiis,
533 1680 584 1758 qui
609 1682 754 1760 probabat
778 1686 877 1747 auium
899 1686 1015 1750 retiam
1045 1703 1116 1750 esse
1142 1707 1238 1752 unuin
1284 1686 1419 1761 geroius.
1435 1691 1466 1746 at
1483 1685 1564 1748 beas
1581 1701 1640 1746 nun
1657 1691 1705 1746 esi
1721 1683 1855 1761 gentius:
1870 1682 2086 1759 minaberis
2101 1702 2152 1764 ee·

376 1761 483 1836 lleam,
501 1763 571 1838 auia
596 1765 625 1824 in
650 1765 795 1844 Symbola
817 1767 931 1830 dicitur
954 1769 1055 1838 Credo
1075 1772 1113 1834 iia
1131 1788 1239 1836 anaim
1285 1768 1361 1840 nuit,
1390 1769 1471 1830 bena
1497 1783 1556 1828 nori
1585 1765 1701 1846 genuit,
1725 1773 1797 1826 sunt
1812 1766 2080 1841 contradictoriae,
2097 1769 2151 1832 scil

375 1843 476 1906 bauai
496 1843 637 1920 Patrem,
654 1864 745 1925 opem
767 1847 941 1924 implorauit
967 1855 1104 1932 virgulae
1129 1857 1233 1928 unius,
1283 1849 1379 1928 primu
1404 1857 1451 1912 est
1472 1867 1552 1921 veru,
1578 1851 1714 1910 secunda
1736 1854 1784 1910 εει
1800 1848 1887 1908 ιειεε.
1904 1847 1988 1910 ilatio
2003 1857 2064 1920 est,
2082 1852 2152 1928 quia

375 1944 464 2003 qum
483 1929 678 1991 iiis-erendum
700 1933 965 1997 essentialiter
993 1936 1091 1998 neum
1133 1947 1163 2000 ei
1185 1939 1238 2002 ra·
1284 1947 1396 1994 nomon
1419 1933 1500 1996 neus
1521 1932 1660 1993 absoluto
1675 1930 1824 2009 iaetpitm
1849 1947 1902 2008 pia
1918 1934 2059 2009 personis
2077 1935 2153 1996 inot-

374 2015 462 2071 trem.
589 2053 593 2060 .
1283 2013 1406 2078 stiiiete:
1423 2015 1478 2077 sed
1495 2014 1617 2092 quande
1633 2013 1754 2087 dieitur,
1771 2012 1853 2074 baiis
1868 2013 1986 2092 geiiuit,
2005 2019 2052 2076 ret
2070 2014 2152 2080 beris

383 2133 387 2138 ‚
415 2090 575 2154 Caeterum
587 2091 608 2156 C
619 2093 770 2156 ilecliisml
782 2093 928 2160 Callicliai
945 2101 1133 2164 nuntiabant
1149 2104 1238 2166 istam
1283 2105 1330 2160 est
1343 2100 1478 2176 genitus,
1499 2099 1614 2160 ratione
1630 2097 1797 2174 praedicati
1814 2094 1976 2158 nubanatis
1992 2101 2150 2178 restringi·

374 2174 532 2252 virgulam,
550 2184 580 2237 et
596 2177 697 2238 l‘atras
712 2186 831 2241 rotatas
846 2185 1236 2264 anpoiiaiilesSyriibolnm,
1283 2186 1331 2241 lul*
1345 2181 1521 2261 subjectum
1536 2178 1625 2240 Deus
1635 2178 1671 2239 dd
1689 2194 1780 2242 ultim
1793 2185 1907 2240 cellfflll
1921 2194 2101 2257 b⁰l³⁰¹¹³¹lb
2116 2184 2150 2244 El

375 2274 498 2334 seiiipei·
515 2259 658 2337 legerunt
673 2279 766 2322 minin
783 2261 879 2323 Deum
896 2264 1024 2341 Patrem,
1042 2275 1075 2330 ut
1089 2268 1237 2332 irenaeus
1281 2261 1327 2324 sie
1353 2271 1400 2328 est
1426 2279 1541 2338 reruni,
1566 2261 1649 2324 lteua
1664 2263 1782 2340 genuit,
1800 2262 1870 2340 quia
1886 2261 2083 2338 restringitur
2100 2283 2152 2326 no·

376 2340 430 2401 lib.
450 2341 478 2400 l.
495 2357 563 2418 cap.
578 2343 608 2402 2.
623 2341 754 2421 cyrillus
771 2347 925 2408 eamear.
936 2348 1074 2410 llullliius
1089 2354 1234 2430 explicat.
1280 2361 1352 2409 nien
1364 2345 1447 2408 Deus
1462 2344 1499 2408 ad
1515 2343 1644 2406 Patrem.
1660 2345 1829 2421 liquando
1846 2351 1894 2406 ost
1909 2344 2059 2422 negativa,
2077 2347 2152 2410 suli·

375 2421 490 2502 Srinlr.
509 2421 806 2505 etaliitlnamquani
831 2430 948 2490 atiiiiiisi
964 2432 1236 2511 distingueremus
1275 2427 1392 2507 J‘eatum
1419 2444 1479 2490 nun
1506 2426 1699 2507 restringitur
1725 2441 1779 2502 par
1804 2425 2037 2504 praedicatum,
2075 2431 2149 2508 quia

376 2505 472 2568 baum
487 2523 502 2565 a
519 2506 604 2566 l’atre
620 2522 675 2586 per
691 2509 880 2588 interjectam
898 2512 1122 2591 rirgutaiirnim
1139 2533 1232 2595 prop-
1282 2521 1353 2574 tuiic
1369 2513 1444 2572 niliil
1459 2511 1617 2580 asseritur,
1636 2509 1690 2570 sed
1707 2514 1847 2586 negator.
1863 2508 1970 2587 ltaque
1985 2525 2053 2570 cuni
2070 2515 2149 2575 olci-

375 2593 456 2655 teraa
473 2588 718 2652 introduceretur
733 2595 934 2668 quaternitas:
949 2614 1017 2658 nam
1034 2598 1074 2659 ibi
1090 2599 1173 2660 lleus
1188 2601 1234 2661 di·
1287 2599 1344 2665 tur,
1375 2595 1457 2657 brus
1483 2609 1544 2654 nuii
1560 2598 1696 2672 gciicmt,
1715 2595 1759 2654 ret
1773 2592 1854 2653 [taus
1871 2607 1932 2652 nun
1948 2599 1994 2652 est
2009 2595 2151 2671 genitus,

374 2671 611 2747 stingueretora
628 2669 727 2746 Patre,
744 2681 776 2736 ut
790 2676 1016 2752 significaretur
1038 2682 1164 2743 numina
1179 2681 1233 2746 ltei
1281 2683 1329 2738 est
1343 2693 1468 2750 aerisus,
1486 2675 1569 2738 nulle
1587 2689 1719 2752 persona
1734 2673 1835 2736 diriiia
1851 2679 1989 2753 generat,
2005 2675 2086 2738 nolle
2100 2689 2153 2740 est

375 2768 437 2814 uon
453 2753 675 2829 comprehendi
691 2756 791 2822 soloin
809 2759 996 2835 l‘atrciii,seil
1015 2766 1104 2824 ctiam
1123 2763 1234 2828 Filium
1279 2761 1393 2838 gaiiita;
1410 2775 1487 2839 quae
1501 2764 1575 2820 sunt
1591 2757 1678 2818 lilsa.

375 2840 405 2896 et
419 2833 563 2912 Spiritum
580 2844 732 2899 sanctuni.
750 2840 1013 2911 Quemadmodum
1028 2853 1130 2908 antem
1148 2863 1234 2909 ioca·
1321 2845 1362 2904 td
1378 2841 1546 2905 secundarii
1559 2838 1745 2919 respondeo:
1765 2837 1945 2917 generabile
1957 2853 2014 2916 por
2025 2847 2149 2906 inoturn

373 2917 398 2977 ri
414 2917 531 2980 Patrein
548 2919 577 2979 in
596 2919 742 2999 Symbola
758 2940 852 2986 auom
869 2925 966 2988 lleuin
993 2943 1055 2990 non
1080 2937 1237 3008 repugnat
1280 2922 1403 2988 dillerre
1418 2939 1533 3008 genere
1549 2923 1587 2984 ab
1603 2920 1822 3000 ingenerabili:
1841 2923 1898 2982 tale
1914 2936 1997 2982 enim
2012 2939 2148 3000 ganeru-

372 2997 441 3060 Filii
458 3000 619 3075 birinituti,
641 3019 734 3082 supra
757 3021 818 3066 non
841 3009 940 3071 semel
963 3017 1010 3072 est
1036 3011 1233 3092 explicatum3
1279 3007 1343 3070 bile
1360 3015 1464 3072 natura
1480 3023 1537 3069 sue
1553 3012 1600 3068 εει
1615 3004 1825 3082 corruptibile:
1838 3009 1868 3063 at
1881 3001 2060 3082 generabile
2076 3007 2150 3070 sine

374 3082 639 3161 pracsertinicuni
657 3087 687 3146 iii
703 3086 812 3150 eodem
828 3087 974 3169 Symbola
999 3091 1117 3154 dieatnr
1136 3094 1234 3159 Filius
1280 3098 1362 3154 mutu
1379 3097 1409 3154 et
1424 3088 1600 3160 mutatione,
1619 3103 1680 3148 nori
1695 3085 1872 3150 neccssaria
1888 3083 1990 3148 dillerl
2004 3089 2044 3148 ali
2061 3089 2150 3168 iuga·

373 3165 483 3236 unicus
498 3165 648 3229 beluinos
663 3176 780 3241 noster,
796 3187 853 3233 nee
869 3179 969 3236 tamen
982 3175 1065 3238 ullus
1076 3184 1169 3253 negat
1179 3178 1234 3240 Pu·
1279 3173 1419 3236 parabili.
1436 3173 1495 3236 Sed
1510 3172 1629 3234 lucilius
1643 3175 1744 3249 potest
1754 3167 1949 3245 responderi:
1964 3173 2148 3246 generabile

372 3250 1234 3336 tremquoqueesseuuicuinbominum„nostrumzbuam·
1279 3264 1309 3320 et
1336 3256 1545 3336 ingenerabile
1572 3259 1634 3316 tuiti
1659 3252 1760 3316 sulum
1788 3250 1912 3314 dlllcire
1928 3265 2058 3329 genere,
2075 3271 2150 3318 coiri

372 3330 418 3398 tis
433 3334 515 3394 enim
532 3329 730 3406 Cutecliisiut,
745 3342 777 3398 ut
792 3339 978 3415 plurimum,
1003 3341 1115 3421 legant,
1143 3351 1174 3404 et
1202 3347 1232 3407 tii
1281 3345 1385 3402 natura
1402 3338 1471 3418 ejus
1487 3335 1567 3418 quod
1584 3342 1746 3415 generetur
1762 3350 1817 3414 per
1828 3332 2062 3412 generationem
2077 3353 2146 3415 pre·

372 3409 477 3478 lesum
493 3411 647 3478 Christum
663 3415 771 3478 Filium
785 3417 853 3498 ejus
870 3464 879 3494 ,
896 3422 1042 3495 uuiairm,
1068 3423 1231 3489 Dominum
1277 3423 1409 3484 ducitur:
1437 3437 1497 3484 non
1514 3423 1613 3481 autem
1630 3435 1699 3480 coni
1715 3418 1816 3480 solum
1832 3419 2080 3479 cummunicatur
2096 3421 2150 3486 uni

372 3501 523 3590 nostrum,
540 3501 641 3563 tamen
661 3497 798 3563 bellinus
824 3501 853 3563 iii
880 3505 1071 3584 expositione
1096 3508 1231 3587 Symbuti
1277 3505 1315 3568 ab
1341 3505 1413 3568 atio.
1435 3504 1528 3566 Porro
1544 3499 1654 3564 Filium
1670 3501 1732 3564 dici
1748 3503 1897 3579 genitum,
1916 3515 1977 3560 nun
1993 3505 2079 3578 quud
2097 3519 2152 3564 na·

370 3577 489 3671 scribit,
505 3579 743 3657 illudentium,
761 3599 853 3661 possa
868 3585 972 3649 reterri
991 3595 1053 3650 tum
1068 3590 1105 3651 nd
1122 3591 1231 3656 Filium
1277 3593 1343 3651 tura
1366 3588 1432 3665 ipsa
1458 3585 1527 3666 ejus
1551 3585 1654 3665 genita
1670 3587 1720 3657 sit,
1736 3599 1793 3646 seu
1810 3581 1966 3660 producta,
1984 3583 2039 3644 sad
2058 3587 2147 3662 qued

372 3675 455 3738 epis,
472 3666 534 3722 tuin
549 3663 586 3722 ad
600 3661 761 3726 bominum
776 3674 926 3730 nostrum.
954 3669 1033 3733 Vere
1047 3673 1129 3733 enini
1145 3672 1231 3737 cbrt·
1278 3687 1343 3734 eam
1371 3670 1465 3732 Filius
1491 3687 1506 3730 a
1533 3668 1619 3732 Patre
1645 3683 1701 3747 per
1725 3665 1955 3745 geiieretiuneni
1970 3667 2144 3745 acceperit.

370 3748 437 3810 stus
452 3749 482 3814 at
496 3745 547 3806 est
559 3743 657 3807 Filius
672 3745 726 3808 ltei
744 3749 865 3824 unicus,
888 3757 919 3814 ct
940 3754 1052 3817 unicus
1080 3754 1230 3821 Dominus
1275 3753 1382 3834 ltaque
1408 3769 1468 3815 nun
1491 3752 1688 3832 distinguitur
1702 3749 1827 3813 Filiusa
1845 3746 1931 3809 Patre
1948 3753 2067 3820 nutura,
2084 3751 2144 3814 sed

369 3829 486 3888 ῠθὸῑθι·
517 3906 523 3920 ,
1275 3839 1375 3900 solum
1390 3835 1489 3916 quoad
1507 3836 1630 3899 runduiu
1647 3839 1782 3896 naturam
1798 3831 1878 3892 illam
1893 3829 2039 3892 bibendi.
2054 3829 2145 3896 Sicut

412 3906 456 4000 bil
473 3912 609 3989 quintam
625 3912 811 3991 respondeo:
838 3931 908 3978 aum
923 3916 1019 3980 ileum
1035 3918 1166 3984 dicimus
1194 3937 1229 3986 se
1275 3921 1366 3982 ldain
1393 3935 1430 3981 eii
1446 3918 1530 3980 nulle
1546 3917 1670 3980 bomine
1684 3921 1732 3978 est
1746 3913 1925 3994 productus,
1941 3909 2002 3974 lira
2019 3927 2059 3976 er
2074 3917 2145 3978 sole

372 3990 585 4055 manifestasse
605 3991 744 4058 intribus
756 3997 911 4075 personis,
925 4002 1004 4062 aetla
1031 4018 1089 4064 nos
1109 4004 1227 4078 dicere,
1274 4003 1400 4078 ildanm,
1417 3999 1492 4065 (lain
1507 4017 1544 4063 eii
1559 4001 1673 4064 ddamo
1688 4004 1718 4060 et
1732 3997 1803 4073 llam
1820 4004 1849 4058 et
1865 4003 1965 4056 mmeii
1981 4003 2145 4062 erantorii·

371 4070 467 4134 Deum
479 4089 554 4168 ‚⁶5⁵9
568 4081 630 4138 tres
646 4092 806 4155 personas,
819 4087 850 4142 et
864 4081 925 4144 boc
948 4083 1038 4146 nobis
1060 4087 1228 4150 raretatom
1275 4097 1331 4148 nes
1357 4091 1418 4147 tras
1442 4084 1583 4164 ejusdem
1600 4089 1725 4146 naturae
1739 4077 1915 4159 specillcee.
1933 4075 2020 4151 Quod
2037 4093 2144 4144 exem·

373 4170 445 4218 esse
456 4156 613 4224 diuinitus.
630 4158 757 4232 Quando
769 4167 888 4240 petunt,
904 4164 974 4244 quis
987 4171 1034 4229 εει
1062 4167 1114 4230 tlte
1129 4167 1229 4232 beust
1275 4168 1359 4248 plant
1374 4165 1462 4229 allert
1474 4166 1615 4230 lustinus
1630 4165 1669 4228 de
1684 4168 1760 4228 reat.
1777 4161 1845 4224 Fid.
1861 4159 1997 4224 conless.
2014 4159 2144 4226 Nazian-

372 4253 410 4298 an
425 4237 529 4332 Pater?
543 4257 581 4301 an
596 4240 709 4304 Filius?
723 4243 919 4324 despondeo:
935 4248 1148 4316 estdiiinitas.
1164 4252 1230 4315 stre
1258 4289 1260 4292 -
1276 4267 1371 4313 :enus
1385 4251 1439 4313 lib.
1456 4249 1488 4311 5.
1504 4250 1543 4310 da
1558 4247 1666 4310 lbeol.
1684 4247 1891 4310 barnascenus
1907 4242 1961 4306 lib.
1979 4242 2009 4306 l.
2023 4259 2094 4324 cap.
2107 4247 2145 4310 9.·

373 4325 421 4382 εει
435 4321 577 4394 Τειείιεε,
593 4322 657 4386 sire
669 4332 716 4387 est
730 4326 841 4403 Pater,
871 4336 902 4392 at
923 4329 1019 4393 Filius
1048 4337 1079 4395 et
1099 4333 1231 4414 Spiritus
1276 4339 1307 4397 et
1321 4333 1512 4412 Augustinus
1529 4330 1584 4393 lib.
1603 4331 1633 4394 l.
1649 4335 1680 4392 et
1694 4327 1725 4390 2.
1741 4335 1846 4392 eontra
1862 4325 1940 4389 llax.

375 4409 514 4494 sanetus3
530 4405 678 4484 quidquid
694 4409 776 4470 enim
790 4410 897 4473 burum
913 4414 1153 4491 respondeatur,
1180 4431 1229 4480 re·
1315 4414 1359 4476 llil
1377 4415 1492 4477 tertiain
1508 4414 1590 4476 ilico:
1607 4412 1744 4493 genitum
1760 4416 1791 4472 et
1806 4411 1976 4487 ingenitum
1991 4421 2053 4472 nee
2069 4423 2143 4475 esse

376 4485 513 4578 ctissime
529 4490 777 4564 respondebitur.
794 4490 858 4554 Puri
873 4495 990 4559 ratione
1003 4497 1058 4576 qui
1072 4498 1188 4568 dicunt,
1203 4499 1230 4562 si
1275 4496 1474 4570 substautias,
1492 4510 1550 4560 nea
1564 4494 1746 4558 accidentia:
1761 4510 1830 4554 narii
1843 4491 2014 4571 ingenitum
2025 4499 2074 4554 est
2088 4509 2143 4558 ne·

372 4581 424 4659 gui
441 4572 542 4628 minen
567 4569 793 4664 Cattiolicurum
807 4573 845 4636 ita
860 4575 978 4649 dieunt,
1006 4585 1067 4642 tres
1082 4595 1231 4659 personas
1277 4581 1358 4661 gatto
1384 4579 1532 4660 quaedam
1553 4577 1774 4657 processionis,
1791 4576 1928 4656 genitum
1944 4579 2048 4636 autem
2066 4576 2143 4640 dicit

374 4663 405 4708 in
423 4665 484 4712 unu
501 4651 563 4712 beu
578 4654 726 4730 residere,
743 4655 821 4718 nibil
834 4658 917 4720 aliud
928 4657 1102 4740 siguificare
1114 4665 1229 4743 nolunt,
1278 4663 1468 4739 relationem3
1485 4667 1517 4724 ut
1531 4659 1621 4724 atiani
1638 4660 1814 4738 paternitas,
1832 4675 1867 4720 aa
1878 4657 2005 4736 spinitin
2018 4662 2079 4718 tuin
2091 4675 2144 4724 ac·

372 4747 464 4826 qoam
486 4739 549 4796 tres
572 4750 721 4829 personas
736 4738 828 4802 unius
842 4753 914 4805 esse
928 4743 1059 4820 deitatis,
1077 4747 1169 4809 unius
1182 4762 1232 4810 es·
1280 4745 1349 4821 tira,
1376 4761 1467 4824 quam
1482 4743 1601 4824 passim
1618 4743 1782 4806 relationes
1793 4745 1876 4804 sunt.
1894 4739 2071 4802 llelationes
2087 4757 2141 4806 aii·

372 4823 502 4893 sentiae,
531 4833 624 4880 unius
649 4826 786 4894 naturae,
814 4837 871 4886 nea
896 4825 934 4888 de
960 4826 1072 4902 verbis,
1096 4844 1233 4893 cumres
1278 4833 1338 4892 terii
1353 4828 1472 4892 divinae
1488 4825 1697 4904 suntqnidem
1714 4825 1847 4890 rationes
1861 4821 2095 4898 substantiales,
2109 4830 2141 4888 et

372 4903 502 4973 constat,
531 4904 738 4966 controuersia
764 4903 900 4968 iacienda
923 4913 981 4975 est.
998 4914 1031 4972 ot
1043 4909 1232 4990 Augustinus
1277 4913 1399 4974 realiter
1413 4912 1479 4989 ipsa
1493 4910 1544 4972 ltei
1557 4908 1737 4983 substantia:
1750 4913 1853 4970 tamen
1864 4913 1896 4968 ut
1907 4905 2142 4984 distinguuntur

372 4977 457 5044 bene
472 4984 591 5048 monuit
604 4982 661 5048 lib.
679 4985 708 5050 l.
723 4992 845 5050 retract.
862 5005 930 5069 cap.
949 4989 998 5055 lb.
1279 4997 1396 5056 ratione
1417 4994 1455 5055 ab
1472 4991 1619 5054 essentia.
1637 5007 1698 5052 nun
1714 4991 1820 5054 dieunt
1835 4989 2051 5060 substanttam,
2068 4991 2143 5069 quia

1279 5077 1384 5139 relatio
1400 5083 1432 5138 nt
1446 5073 1553 5138 relatio
1569 5089 1630 5136 neri
1645 5080 1692 5136 est
1706 5073 1888 5136 substantia:
1902 5085 1959 5133 nec
1969 5069 2079 5132 dicunt
2091 5089 2140 5136 aa·

1281 5160 1400 5235 cidens,
1428 5159 1498 5237 quin
1520 5157 1551 5220 iu
1568 5155 1632 5218 beo
1648 5156 1769 5226 nullurii¹
1782 5161 1829 5220 est
1842 5153 1999 5216 accideris.
2016 5151 2059 5214 lta
2075 5171 2141 5218 res·

704 5230 822 5306 attor
847 5234 900 5299 ltt.
1280 5243 1386 5320 pandit
1401 5241 1588 5318 Augustinus
1602 5238 1658 5301 lib.
1673 5237 1704 5302 5.
1721 5237 1803 5300 trin.
1817 5248 1885 5316 cap.
1902 5235 1932 5298 3.
1946 5233 1976 5296 l.
1994 5241 2025 5298 et
2039 5235 2071 5298 5.
2086 5237 2139 5306 iibi

557 5395 564 5409 ,
607 5395 614 5409 ,
1281 5325 1438 5402 eleganter
1458 5327 1670 5402 argumentum
1693 5326 1849 5400 retorquet
1863 5321 1893 5380 iii
1908 5319 2050 5380 Arianos:
2067 5335 2137 5384 nant

475 5411 480 5419 “
523 5393 668 5460 bttuatur
689 5405 919 5478 argumentum
933 5401 1072 5465 tertiam.
1098 5424 1109 5442 ν
1280 5421 1349 5468 cuin
1366 5403 1486 5477 dicitnr,
1502 5405 1569 5483 Ego
1585 5409 1614 5466 ει
1627 5403 1837 5472 Patarunuia
1846 5417 1970 5466 motus:
1985 5417 2132 5478 unumne,

1279 5487 1389 5567 inquit,
1405 5486 1547 5549 dicuntur
1560 5487 1646 5549 Pater
1658 5493 1688 5548 et
1702 5487 1981 5565 lituis-secundum
1994 5485 2135 5548 substeri-

383 5632 390 5648 ι
410 5553 543 5622 Tedium
558 5567 783 5641 argumentum.
799 5563 887 5629 Pater
901 5564 1126 5646 astingeuitus,
1140 5571 1170 5630 et
1181 5568 1235 5632 l'le
1280 5571 1416 5636 tiainaut
1427 5570 1597 5634 secundnm
1609 5568 1771 5632 accidens?
1783 5571 1811 5633 si
1822 5570 1965 5646 primunr,
1977 5581 2046 5647 ergo
2059 5574 2137 5634 suut

370 5634 431 5698 lius
456 5641 591 5720 genitura
618 5661 693 5726 ergo
719 5663 781 5710 non
805 5653 878 5710 sunt
902 5665 983 5712 onus
1005 5649 1097 5724 bens,
1113 5651 1228 5731 alioqui
1280 5653 1420 5734 ejusdem
1436 5651 1626 5716 substantiae
1640 5653 1727 5714 Peter
1740 5656 1771 5714 et
1786 5650 1892 5712 Filius:
1909 5649 1935 5712 si
1951 5649 2137 5731 secundum3

369 5735 450 5814 uuus
475 5720 559 5784 lteris
584 5728 641 5788 erit
654 5730 791 5806 genitus,
807 5739 837 5792 ει
852 5747 913 5794 nou
929 5732 1063 5809 genitus,
1079 5751 1158 5812 quae
1173 5735 1228 5797 ini·
1280 5751 1354 5816 ergo
1379 5737 1409 5796 iri
1428 5735 1492 5797 Deo
1507 5741 1579 5797 sunt
1593 5733 1775 5798 accidentia.
1791 5732 1827 5794 ttt
1841 5733 2000 5795 concludit
2014 5733 2138 5798 taudem

372 5804 488 5880 plicant
506 5809 792 5899 contradictionem.
816 5813 904 5877 Item.
927 5813 1109 5880 Generabtle
1131 5824 1162 5880 et
1182 5817 1229 5878 in·
1280 5819 1328 5881 liis
1342 5817 1455 5881 reibts:
1470 5817 1545 5882 bueo
1558 5833 1618 5880 nou
1631 5814 2017 5880 secundumsubstantiaui
2030 5815 2140 5880 dieun-

369 5885 548 5982 generabile
561 5887 703 5951 drlterunt
715 5895 877 5975 plusquam
887 5913 1014 5978 genere,
1030 5901 1111 5962 sient
1121 5915 1227 5962 anrru·
1279 5907 1338 5977 tur,
1366 5902 1421 5964 scd
1446 5900 1616 5964 secundum
1632 5898 1803 5975 relativum,
1820 5900 1901 5978 quud
1918 5905 2021 5961 tamen
2037 5899 2140 5964 relati·

369 5966 479 6044 1³¹¹b¹¹0
494 5976 526 6032 ⁰¹
541 5974 784 6054 incorrupgffig3
800 5995 874 6060 ergo
889 5980 976 6046 riter
989 5989 1020 6046 et
1034 5981 1128 6046 titiis
1141 5980 1228 6047 eitte·
1277 5997 1346 6046 rain
1369 5999 1430 6046 nuii
1451 5989 1499 6046 est
1518 5981 1674 6046 accidens.
1691 5979 1766 6044 Vide
1781 5983 1871 6046 etium
1887 5997 1915 6044 s.
1931 5980 2042 6044 lliom.
2058 5982 2091 6044 iii
2109 5983 2139 6046 l.

368 6055 440 6113 ΝΜ
453 6051 615 6134 plusquam
631 6069 757 6134 debete·
1277 6081 1309 6149 p.
1327 6083 1358 6146 q.
1374 6064 1425 6130 28.
1442 6072 1497 6131 art.
1514 6063 1546 6132 2.
1562 6062 1616 6133 tibi
1627 6064 1729 6145 dooat,
1742 6065 1774 6130 in
1786 6065 1849 6133 neo
1861 6079 1932 6132 esse
1944 6066 2006 6130 duo
2016 6065 2142 6145 praedi·
