4792 7009
351 686 404 747 rm
1106 767 1109 773 1
1145 683 1330 782 normano

400 818 492 884 Ptimi
512 819 643 904 agminis
663 819 836 902 liceatque
851 821 1022 903 Imperator
1035 822 1084 885 est
1096 820 1229 886 llichael
1271 819 1414 886 assumit:
1432 839 1513 905 quae
1527 823 1653 908 quidem
1667 833 1698 894 ct
1710 829 1845 914 publicis
1859 830 2137 916 disputationibus,

362 938 507 1002 Servatus
526 937 693 1020 llispauus.
708 938 740 1002 Is
755 955 826 1003 cum
847 943 932 1003 esset
948 936 1073 1020 juvenis
1086 935 1172 1001 teror
1185 942 1228 1000 at·
1274 943 1305 1002 et
1318 939 1407 1006 libris
1420 942 1511 1007 etiam
1525 945 1638 1026 editis,
1655 965 1763 1014 omnes
1777 955 1899 1016 ueteres
1918 953 2047 1032 Patres,
2070 973 2142 1021 om-

362 1070 424 1134 que
438 1053 555 1132 audax,
572 1059 603 1120 et
616 1055 648 1118 iu
665 1054 782 1119 scholis
795 1055 1050 1132 lutheranorum,
1067 1053 1182 1134 quibus
1196 1069 1230 1119 o·
1273 1054 1387 1137 niaque
1400 1059 1523 1141 antiqua
1539 1061 1686 1142 concilia,
1700 1070 1731 1128 et
1741 1065 1843 1147 ipsum
1855 1067 1960 1132 orbam
1973 1074 2139 1146 terrarum,

361 1186 468 1251 peram
489 1171 601 1251 dabat,
623 1171 791 1236 identidem
812 1171 910 1252 repeti
931 1170 1073 1246 audiret,
1100 1169 1228 1234 verbum
1273 1169 1325 1250 qui
1353 1186 1411 1252 per
1425 1189 1523 1238 annus
1539 1175 1619 1239 taso
1635 1183 1696 1242 tres
1711 1179 1743 1242 in
1757 1181 1820 1244 lieo
1835 1197 1997 1262 personas,
2013 1185 2092 1250 duas
2104 1187 2139 1250 in

363 1285 420 1350 Ilei
440 1302 504 1352 uon
525 1301 597 1352 esso
618 1288 738 1352 Patrum
760 1292 812 1350 aut
830 1285 991 1350 Ecclesiae
1017 1285 1225 1366 explicationi,
1273 1285 1393 1352 Christo
1408 1295 1531 1355 naturas
1546 1294 1693 1369 credidit,
1709 1296 1884 1361 Tritheisml
1899 1297 2060 1380 damnare,
2079 1303 2139 1368 So·

362 1404 420 1468 sed
441 1403 568 1486 spiritus
588 1404 685 1468 solius
699 1402 874 1467 testimonio
888 1408 979 1484 atque
989 1401 1108 1484 judicio
1122 1402 1229 1484 alliga·
1271 1403 1421 1474 phistices
1435 1423 1594 1484 accusare,
1610 1417 1702 1492 atque
1716 1412 1755 1476 ad
1768 1411 1989 1480 Antichristum
2002 1419 2134 1499 rejicere

363 1525 450 1598 tum,
466 1519 569 1600 coepit
583 1519 693 1600 etipse
708 1517 850 1601 spiritum
863 1518 1003 1601 jactare,
1019 1523 1051 1583 ct
1066 1535 1104 1583 eo
1118 1518 1229 1599 spiritu
1270 1518 1538 1600 impudentissime
1553 1525 1657 1604 audet.

361 1635 548 1699 admonente
568 1635 733 1714 admirari,
755 1650 813 1700 cur
831 1634 998 1704 Lutluerani
1012 1652 1082 1699 cnm
1099 1636 1228 1718 Papistis
1311 1635 1445 1700 Alterius
1465 1639 1596 1721 agminis
1613 1643 1760 1726 princeps
1774 1650 1823 1711 cst
1835 1646 2016 1714 Valentinus
2030 1650 2138 1715 Genti-

363 1749 403 1814 de
414 1749 554 1814 Ecclesia
562 1750 808 1816 etSacramcutis
818 1755 981 1833 tantopere
993 1750 1226 1829 contenderent,
1270 1749 1311 1822 lis
1331 1753 1437 1818 ltalus.
1459 1755 1517 1820 Hic
1536 1757 1668 1838 primum
1690 1762 1792 1826 studio
1812 1779 1916 1828 rerum
1934 1781 2081 1832 nouarum
2098 1785 2137 1832 cx

328 1887 331 1893 ³
361 1863 404 1928 de
424 1865 546 1931 christo
565 1865 635 1948 ipso
655 1868 742 1932 litem
762 1867 879 1931 nullam
891 1867 1066 1945 haberent,
1082 1873 1174 1948 atque
1187 1867 1227 1932 ita
1270 1870 1368 1948 patria
1388 1888 1445 1936 sua
1466 1872 1630 1938 Consentia
1646 1877 1798 1943 Genauam
1813 1881 1851 1944 ad
1866 1878 2022 1946 calvinum
2036 1886 2134 1960 uenit,

241 1988 250 1998 ’
361 1995 434 2046 oum
445 1981 646 2047 dissentirent
655 1984 696 2048 de
706 1997 847 2065 corpore,
856 1982 1004 2065 decapite
1015 1983 1227 2048 conuenirent.
1273 1983 1353 2050 lama
1369 1985 1561 2054 Cottidianae
1576 1993 1780 2073 eruditionis,
1796 2000 1831 2060 ut
1843 1996 1912 2076 ipse
1927 1996 2072 2076 dicebat,
2089 2002 2136 2062 in·

360 2095 474 2179 llajora
488 2098 582 2181 igitur
595 2100 695 2166 moliri
710 2099 874 2176 meditans,
887 2116 924 2164 ac
937 2105 1080 2165 metuens
1091 2115 1132 2164 ne
1143 2105 1229 2165 aetas
1271 2099 1381 2180 primis
1393 2112 1568 2184 permotus,
1585 2109 1643 2173 sed
1657 2125 1720 2174 non
1733 2112 1787 2174 diu
1799 2111 1880 2177 inter
1893 2113 2075 2195 discipulos,
2093 2121 2137 2176 at·

356 2209 419 2278 sibi
433 2216 471 2279 ad
485 2215 656 2280 taciendam
670 2215 764 2281 tidem
778 2232 841 2280 nou
855 2233 963 2298 parum
974 2217 1111 2291 obesset,
1133 2233 1229 2280 anuu-
1271 2231 1333 2294 que
1353 2219 1509 2286 auditores
1523 2239 1559 2288 se
1573 2227 1728 2289 numerari
1748 2243 1862 2307 passus
1881 2235 1949 2291 cst:
1966 2245 2035 2292 cum
2052 2230 2137 2292 enirn

360 2351 430 2400 rum
451 2334 568 2416 quippe
589 2339 654 2398 erat
672 2335 774 2398 solum
794 2333 932 2414 quinque
953 2337 985 2396 et
1003 2331 1121 2416 uiginti,
1145 2334 1229 2416 quod
1273 2339 1304 2398 cl
1324 2335 1392 2416 ipso
1413 2338 1525 2418 spiritu
1545 2339 1737 2419 abundaret,
1761 2350 1792 2407 ct
1812 2359 1912 2426 acque
1932 2362 1970 2410 ac
1990 2347 2137 2410 Serretus

361 2453 451 2519 aetati
465 2453 624 2517 ridebatur
637 2450 770 2530 deesse,
785 2449 960 2532 prophetici
974 2449 1110 2514 nominis
1124 2456 1229 2516 aucto-
1273 2452 1404 2516 moleste
1424 2452 1538 2531 terret,
1561 2456 1644 2536 quod
1664 2457 1823 2523 Ecclesiae
1837 2460 2019 2526 reformatae
2033 2463 2139 2525 adhuc

359 2570 448 2634 ritate
463 2574 495 2634 et
508 2568 666 2650 majestate
677 2568 898 2649 compensarit.
1273 2563 1306 2628 in
1327 2565 1388 2630 ilde
1410 2567 1565 2633 trinitatis
1586 2587 1656 2634 cum
1677 2572 1808 2654 Papistis
1830 2577 2050 2653 conuenirent,
2072 2595 2136 2640 nec

400 2687 508 2767 ltaque
527 2686 658 2748 maxima
677 2685 747 2750 tetri
767 2684 895 2766 spiritus
914 2683 1055 2749 ubertate
1082 2683 1229 2765 pertusus
1274 2686 1377 2746 muron
1397 2683 1514 2750 Sarnali
1535 2668 1710 2769 discipulus
1722 2689 1806 2770 dici,
1822 2696 1875 2754 ant
1888 2691 2029 2773 spiritum
2044 2709 2139 2756 suum

359 2819 515 2870 summum
529 2817 566 2866 sc
579 2802 665 2868 orbis
679 2806 778 2866 terrae
792 2801 1163 2882 tropheumnomtnaait,
1177 2819 1231 2866 en·
1274 2800 1397 2882 spiritui
1425 2801 1496 2884 ejus
1523 2804 1680 2886 subjicere
1701 2805 1890 2889 dignaretur,
1915 2824 2024 2873 novam
2046 2825 2140 2874 enco-

359 2921 417 3006 jus
431 2918 648 3001 appellationis
661 2923 773 2983 testem
786 2919 937 2984 hahemus
952 2917 1110 2985 Caluinum
1124 2921 1157 2984 in
1171 2921 1229 2984 lib.
1274 2917 1381 2998 gitarit
1400 2919 1610 3000 sententiam,
1633 2938 1713 3002 quaa
1741 2929 1856 2988 etcum
1881 2923 2058 2988 Servetiana
2073 2942 2140 2988 uon

361 3039 394 3103 l.
409 3037 545 3102 institut.
560 3053 630 3117 cap.
647 3035 697 3099 td.
714 3035 793 3099 ltiuc
806 3052 879 3101 uero
893 3035 1075 3117 prophetica
1088 3036 1231 3101 libertate
1274 3035 1474 3114 consentiret,
1490 3040 1522 3100 et
1535 3043 1638 3103 lamen
1650 3037 1775 3119 penitus
1795 3055 1814 3103 a
1835 3037 1990 3104 catholica
2017 3039 2139 3104 discre-

359 3159 540 3236 assumpta,
561 3153 659 3218 libros
672 3153 744 3216 illos
758 3152 869 3218 eodem
884 3153 995 3235 spiritu
1008 3154 1164 3232 aspirante
1185 3153 1229 3218 el·
1273 3157 1372 3232 paret.

359 3270 449 3347 ludit,
466 3285 545 3350 quos
559 3269 728 3350 inscripsit,
744 3269 791 3333 lle
805 3269 962 3333 erroribus
973 3268 1140 3333 Trinitatis:
1154 3287 1230 3350 quo·
1313 3266 1421 3350 ltaque
1441 3270 1599 3350 asseruit,
1622 3287 1726 3336 ueram
1746 3287 1818 3338 esse
1832 3271 1865 3336 in
1879 3271 1945 3338 Deo
1965 3289 2029 3338 nun
2044 3273 2141 3337 modo

354 3401 429 3452 rum
443 3387 592 3452 librorum
606 3403 727 3451 summa
740 3387 818 3452 traco
832 3392 891 3464 cst,
906 3388 1024 3452 nullam
1037 3403 1110 3452 esse
1121 3388 1152 3455 in
1164 3389 1229 3453 Deo
1273 3397 1475 3463 personarum
1490 3433 1500 3464 ,
1514 3388 1572 3452 scd
1586 3390 1683 3452 etlam
1692 3395 1869 3460 naturarum
1884 3390 2074 3468 Trinitatem,
2091 3391 2141 3454 sic

364 3504 596 3569 distinctionem
611 3503 820 3584 personalem,
835 3508 868 3568 et
881 3501 1036 3568 christum
1050 3503 1106 3567 dei
1119 3503 1231 3566 titium
1275 3505 1309 3563 ut
1322 3506 1386 3566 tres
1399 3503 1464 3567 siut
1476 3503 1572 3570 divini
1582 3522 1618 3570 ao
1629 3505 1809 3587 sempiterni
1823 3507 1967 3588 Spiritus,
1978 3506 2139 3572 essentiali

360 3620 511 3700 appellari
525 3619 607 3701 quod
622 3635 662 3684 ex
675 3619 744 3700 ipsa
758 3619 814 3684 ttei
828 3619 999 3684 substantia
1018 3636 1090 3684 caro
1111 3620 1184 3701 ejus
1198 3621 1232 3684 iu
1275 3633 1405 3682 numeru
1416 3617 1606 3686 dilierentes.
1619 3621 1702 3698 Quae
1710 3623 1862 3687 sententia
1868 3621 2031 3704 Philopoui
2037 3639 2138 3702 quon·

366 3743 456 3802 utero
470 3737 605 3818 Virginis
619 3741 767 3819 concepta
783 3741 815 3800 et
827 3735 1014 3800 coulormata
1032 3737 1084 3815 sit;
1099 3735 1140 3800 ita
1154 3753 1229 3817 pau·
1276 3732 1346 3797 dam
1361 3733 1459 3801 luisse
1473 3737 1605 3816 dicitur,
1621 3740 1648 3802 si
1662 3755 1733 3804 uera
1747 3745 1841 3818 suut,
1857 3740 1990 3820 quaeda
2004 3737 2073 3820 ejus
2089 3753 2136 3800 er·

356 3858 498 3924 cissimis
511 3858 638 3937 uerbis,
654 3864 686 3924 et
698 3873 901 3940 personarum
916 3858 1094 3922 trinitatem
1109 3858 1230 3924 dostru-
1274 3852 1397 3918 roribus
1414 3854 1524 3920 Suidas
1538 3861 1570 3920 et
1582 3856 1774 3938 Nicephorus
1795 3857 1910 3937 scripta
1930 3856 2139 3936 reliquerunt.

360 3977 406 4041 xit
419 3995 488 4041 cum
504 3976 652 4053 Sabellio,
667 3982 699 4041 et
712 3975 825 4041 Christi
839 3981 965 4040 naturas
977 3975 1125 4055 contudit,
1137 3981 1231 4058 atque
1275 3966 1366 4036 Hunc
1385 3969 1479 4052 igitur
1498 3971 1635 4054 lapidem
1654 3973 1787 4054 primum
1802 3972 1981 4038 Valentinus
1996 3970 2140 4044 offendit.

361 4091 609 4158 lucamatlunem
622 4093 749 4157 sustulit
762 4109 833 4157 cnm
847 4092 1031 4174 Eutychete.
1276 4086 1334 4152 scd
1355 4103 1427 4152 cum
1446 4088 1701 4155 animaduerteret
1712 4089 1797 4154 hauc*
1807 4089 1942 4175 Deorum
1956 4086 2140 4152 Trinitatem

402 4211 523 4275 Exitum
538 4226 617 4276 uero
636 4212 664 4276 si
686 4211 757 4292 quis
776 4210 935 4290 requirat,
964 4210 1058 4275 tatem
1083 4209 1230 4276 Seruatus
1276 4221 1340 4270 nou
1360 4221 1455 4287 posse
1476 4223 1515 4270 ex
1535 4209 1646 4274 diduis
1668 4208 1766 4274 literis
1780 4208 1842 4272 ullu
1855 4208 1974 4272 ratione
1989 4205 2141 4282 delendi,

363 4326 504 4404 inuenit,
525 4329 649 4407 qualem
669 4327 739 4409 eius
758 4327 902 4408 impietas
916 4332 949 4389 et
962 4327 1081 4390 seelera
1095 4327 1231 4407 postula·
1277 4339 1348 4390 oum
1362 4324 1440 4388 nihil
1457 4325 1489 4388 in
1504 4325 1671 4407 Scriptnris
1686 4325 1879 4406 frequentius
1893 4325 2090 4400 inculcetur,
2106 4339 2145 4386 ac

363 4441 451 4504 bant.
472 4443 546 4504 llam
560 4442 592 4505 in
604 4442 705 4506 media
726 4443 954 4508 Genereusium
967 4445 1046 4507 urbe
1060 4443 1125 4524 igni
1138 4443 1231 4507 tradib
1275 4446 1449 4521 repetatur,
1467 4459 1558 4523 quam
1572 4459 1669 4506 uuum
1683 4448 1715 4508 et
1728 4443 1828 4506 solum
1843 4457 1914 4506 esse
1928 4441 2038 4517 deum,
2055 4446 2141 4504 extra

357 4563 436 4633 tus,
452 4573 516 4621 non
531 4564 706 4622 constanter
720 4565 812 4640 atquc
827 4559 980 4636 alacriter,
994 4565 1029 4622 ut
1043 4559 1142 4622 sancti
1157 4560 1231 4622 olim
1276 4575 1387 4640 quam,
1402 4567 1642 4640 praeterquam,
1658 4566 1728 4626 ante
1742 4575 1847 4641 quem,
1863 4565 1934 4641 post
1944 4575 2051 4640 quem,
2067 4573 2142 4620 cum

359 4675 511 4758 ·llmtpres
525 4677 678 4754 solebant,
693 4677 749 4741 scd
763 4683 825 4740 tam
837 4678 945 4759 iniquo
956 4684 1048 4759 atque
1059 4678 1231 4758 impatienti
1276 4693 1339 4757 quo
1359 4677 1465 4740 nullus
1479 4677 1605 4742 omniuo
1620 4679 1661 4742 sit
1674 4679 1753 4742 alius
1766 4679 1850 4742 Deus
1863 4697 1872 4758 ;
1887 4683 2000 4740 mutata
2014 4681 2141 4740 sentcn-

365 4793 469 4858 auimo
483 4796 670 4876 supplicium
684 4797 832 4878 pertulit,
846 4804 901 4869 ot,
918 4797 1040 4863 calvino
1053 4800 1122 4880 ipso
1137 4807 1228 4880 teste,
1275 4793 1327 4870 tia,
1343 4795 1490 4875 paulatim
1504 4795 1543 4859 ad
1556 4795 1759 4860 arianismum
1774 4796 1921 4877 delapsus
1936 4799 1994 4858 esi
2006 4792 2093 4870 Nam,
2108 4797 2143 4856 ui

366 4908 420 4992 qui
434 4911 592 4975 historiam
606 4914 714 4977 mortis
728 4913 798 4995 cius
812 4915 1017 4995 conscripsit,
1032 4916 1152 4997 maguis
1166 4917 1230 4980 cla·
1274 4928 1312 4978 or
1325 4913 1417 4980 uariis
1431 4913 1681 4980 confessionibus
1695 4919 1726 4978 ct
1739 4913 1938 4994 prothesibus
1951 4911 2042 4993 cius,
2057 4925 2143 4990 quae

366 5028 507 5092 moribus
521 5075 531 5105 ,
553 5029 619 5094 sire
632 5077 641 5105 ,
655 5035 690 5094 ut
702 5029 772 5111 ipse
786 5030 847 5108 ait,
861 5048 974 5113 magno
987 5033 1081 5098 boatu
1095 5034 1230 5116 gladium
1274 5029 1467 5096 inmanibus
1482 5039 1576 5110 sunt,
1592 5032 1739 5114 cognosci
1753 5035 1871 5113 potest,
1888 5029 1944 5094 liei
1956 5029 2057 5094 Patris
2069 5037 2142 5109 pro·

367 5145 530 5226 dagitmct.
553 5145 615 5210 Sed
636 5161 708 5209 cum
720 5147 755 5209 in
766 5146 889 5229 judices
910 5149 1004 5228 plane
1024 5149 1231 5216 inexorabiles
1275 5149 1376 5230 prium
1392 5165 1464 5214 csse
1478 5149 1593 5227 statuit,
1609 5155 1643 5212 ut
1656 5165 1737 5214 unus
1751 5154 1783 5212 et
1796 5148 1882 5213 solus
1897 5146 2071 5228 appelletur
2081 5143 2140 5206 lte·

358 5263 543 5339 incidisset,
558 5262 682 5326 undem
696 5263 860 5345 aliquando
874 5271 923 5329 est
935 5265 1116 5348 longisstmo
1130 5267 1186 5332 illo
1198 5285 1226 5332 a·
1274 5283 1325 5344 us,
1341 5282 1475 5348 eumque
1488 5268 1588 5331 solum
1604 5267 1773 5332 essciltum
1786 5281 1942 5330 summum
1952 5267 2046 5342 atquc
2056 5259 2139 5322 altis·

358 5379 614 5461 ·ocrbissimoque
626 5377 735 5444 dolore
749 5388 963 5462 consumptos,
978 5399 1061 5448 uano
1076 5384 1168 5450 1555.
1274 5382 1389 5448 simum
1413 5382 1533 5462 licum,
1555 5399 1649 5464 quem
1664 5385 1755 5450 nobis
1766 5383 1883 5464 passim
1898 5395 2004 5446 sacrae
2019 5377 2136 5442 literae

409 5494 500 5559 llunc
513 5496 626 5560 ducem
638 5501 669 5561 et
678 5495 852 5578 principem
864 5499 988 5579 sequuti
998 5506 1071 5564 sunt
1080 5500 1232 5584 Georgius
1275 5501 1466 5583 praedicam.
1480 5500 1576 5582 itque
1589 5499 2141 5567 uuuceuudemsolumlatremessa

357 5609 550 5691 ·lilaodrato,
565 5613 678 5678 Paulus
691 5614 846 5694 dlciatus,
861 5615 967 5684 tetius
980 5617 1231 5706 spumosarum
1269 5617 1374 5700 ipsam
1397 5633 1501 5685 ueram
1526 5621 1718 5700 essentium,
1740 5625 1771 5686 ct
1791 5625 1929 5684 naturam
1953 5613 2141 5686 diuinitatis,

368 5725 473 5791 ciscus
486 5727 599 5806 liarid,
624 5735 656 5794 et
668 5731 769 5797 omnis
782 5732 835 5797 illa
849 5734 1054 5800 llinistromm
1069 5737 1230 5818 colluvies,
1276 5737 1370 5802 Porro
1387 5735 1497 5800 Filium
1512 5742 1543 5801 et
1556 5736 1704 5820 Spiritum
1717 5741 1857 5802 sanctum
1871 5752 1936 5802 non
1950 5747 2025 5800 esso
2037 5743 2146 5795 esseu-

368 5859 450 5924 quae
462 5860 547 5908 nunc
561 5842 594 5907 ln
608 5844 825 5930 'transpluania
839 5853 953 5918 amoris
966 5853 1015 5918 sui
1029 5854 1138 5920 scdcm
1158 5869 1232 5920 con·
1276 5855 1350 5922 tiam
1363 5852 1516 5938 diuinam,
1534 5857 1590 5922 sod
1604 5855 1758 5922 essentiae
1772 5857 1895 5938 proles,
1909 5860 1940 5919 et
1953 5853 2060 5936 proles
2074 5851 2142 5932 ipsa

367 5959 478 6041 stituit,
494 5967 526 6027 et
538 5960 748 6032 secretarum
760 5970 1022 6042 consentientium
1034 5973 1156 6043 titulum
1169 5973 1232 6042 sibi
1276 5975 1412 6044 essentia
1425 5975 1519 6061 longe
1532 5975 1716 6058 interiores,
1732 5981 1824 6059 atque
1837 6021 1847 6054 ,
1861 5981 1896 6038 ur
1909 5973 1978 6054 lpse
1993 5969 2142 6053 loquitur,
