4792 7009
988 723 1085 782 tinen
1103 718 1244 784 rutilus
1880 727 1931 782 its·

197 883 200 927 t
262 856 489 932 adoriendus.
506 855 695 920 insecundo
723 864 822 922 nutent
852 858 951 936 cupite
981 859 1040 920 sie:
1070 858 1107 923 Si
1191 856 1225 920 S.
1241 857 1385 920 irenaeus
1401 857 1455 920 iib.
1472 859 1490 920 3
1519 857 1615 922 contr.
1632 859 1717 922 iuer.
1735 878 1749 921 e
1766 877 1833 938 cap.
1846 861 1997 939 iiimsqne

196 966 200 1013 t
262 939 1108 1032 qaumnconiirctarceraireeaadamsatutaauem
1151 940 1188 1002 sd
1204 940 1255 1003 Pi.
1279 939 1386 1018 probet
1413 943 1516 1003 nuntiis
1546 943 1729 1004 testimoniis
1758 944 2002 1020 Scripturnrmu.

196 1062 199 1087 r
261 1031 384 1096 undum
396 1023 455 1085 Dei
467 1020 997 1105 uetustatemummqmme
1021 1025 1107 1086 Cirri-
1151 1025 1449 1090 unumctenmdcru
1479 1023 1670 1087 essedesmn
1700 1025 1811 1087 Filium
1841 1027 2007 1088 narraret

197 1138 198 1161 2
263 1121 342 1178 sium
355 1107 1109 1186 mrrprepriaccme,eamdausciticcrtienm
1151 1104 1285 1168 veroum
1304 1105 1358 1167 Dei
1371 1107 1476 1169 Patris.
1492 1108 1676 1170 Attienasius
1692 1107 1722 1167 in
1738 1109 1831 1184 epist
1854 1111 1889 1170 ed
1908 1109 2004 1186 epici.

262 1205 289 1262 et
301 1190 461 1258 tromtucm
474 1190 778 1263 duodecicimum
790 1193 842 1254 sii.
1153 1188 1208 1251 eir.
1225 1185 1278 1249 nn.
1294 1187 1338 1252 De
1352 1191 1431 1262 eoin,
1461 1191 1570 1267 inquit,
1598 1191 1721 1252 Nerine
1743 1190 1828 1252 Niiio
1852 1193 2008 1271 scripturn

299 1273 417 1338 Deinde
431 1270 615 1334 indoneiiio
636 1273 878 1336 chalcedonensi
901 1274 991 1335 etiarn
1013 1285 1108 1351 qene-
1153 1276 1210 1346 eei,
1229 1269 1362 1334 tertam
1383 1288 1459 1336 curo
1481 1273 1603 1349 suctum
1618 1280 1672 1335 est.
1688 1273 1742 1335 iim
1763 1271 1881 1352 quibus
1906 1279 2008 1336 osten·

263 1362 324 1430 reti,
338 1358 403 1418 dci.
419 1354 449 1414 5.
466 1356 590 1428 probata
606 1356 799 1418 iueruntectn
812 1357 843 1416 in
860 1354 1016 1435 tipnesino
1028 1351 1108 1414 Can·
1153 1354 1255 1425 ditur,
1279 1356 1323 1416 ad
1335 1356 1477 1435 rciiquos
1492 1363 1618 1418 cunctos
1639 1356 1770 1418 tererem
1784 1356 1908 1432 iccium
1930 1372 2008 1431 erse,

262 1443 328 1506 citio
342 1445 446 1500 contro
461 1437 644 1509 Nestorium,
673 1446 705 1501 et
717 1454 839 1501 rursum
864 1441 910 1499 sic
935 1436 1107 1498 definitum:
1150 1435 1369 1516 prophetandi
1382 1440 1501 1518 preiiu,
1519 1456 1561 1502 eu
1576 1438 1681 1501 Nuria
1692 1446 1801 1501 ouum
1813 1440 1924 1518 ipsum
1939 1438 2009 1500 Ver·

257 1526 356 1589 Solva
368 1520 538 1599 mumque
552 1520 997 1601 notrueeprnpriciniceiin
1006 1533 1111 1582 uuam
1155 1518 1361 1593 dunecanus
1389 1527 1567 1601 assumpta,
1591 1520 1753 1584 hominem
1776 1521 1947 1600 prodiisse.
1974 1520 2011 1581 lit

260 1619 428 1692 personam
442 1619 480 1664 ec
494 1603 708 1668 sanciendam
732 1609 953 1669 concurrente,
977 1618 1047 1665 uon
1073 1602 1112 1664 iu
1153 1601 1325 1664 inirntNon
1339 1606 1427 1681 quod
1441 1605 1598 1666 Filiumo
1618 1604 1710 1666 veruo
1725 1619 1939 1684 seprcqcueus,
1954 1605 2011 1668 sed

262 1695 507 1767 daorprrsoues
519 1687 737 1762 distributum,
758 1689 809 1751 oei
823 1687 973 1752 mauron,
1002 1685 1060 1747 scd
1072 1700 1110 1745 u·
1155 1685 1397 1764 quiescendum
1411 1687 1497 1748 nuuc
1512 1703 1578 1748 eesc
1592 1689 1809 1764 opposuimus,
1831 1703 1890 1764 per
1914 1701 2009 1766 quern

259 1787 347 1844 uum,
363 1770 735 1848 etipsumuniqeniiurn
762 1771 884 1835 Niiiurn
910 1770 1012 1832 ncuu
1043 1769 1111 1830 Ver·
1155 1768 1268 1829 omnio
1281 1766 1493 1844 [autumnum
1500 1785 1560 1848 per
1572 1785 1666 1847 quem
1677 1785 1736 1832 noe
1749 1769 1876 1834 liberati
1885 1783 2012 1831 sumus.

261 1859 333 1919 duni
345 1852 552 1930 aquoscimue
566 1861 624 1916 eie.
713 1885 717 1893 -
1198 1849 1363 1928 Gregorius
1377 1849 1584 1926 Nazianzenus
1597 1855 1688 1928 epist.
1707 1853 1735 1913 i.
1767 1853 1803 1913 ed
1833 1851 2007 1914 Chelidon:

299 1938 372 1998 item
391 1938 421 1995 in
440 1934 472 1994 t.
489 1933 613 2012 Synodo
627 1935 776 2014 genemii,
791 1951 861 1998 con.
877 1935 907 1996 i.
922 1934 1041 2013 Siquis
1062 1932 1112 1994 dr·-
1157 1932 1291 2012 Siquis,
1322 1933 1431 2010 inquit,
1462 1934 1620 2012 Virqiuern
1639 1935 1776 2000 uariam
1800 1949 2011 2014 nequaquem

262 2023 303 2084 eii
315 2017 497 2082 ceconomo
510 2020 662 2095 qratiam
689 2019 931 2081 oeieceuudum
954 2016 1111 2094 opererio·
1154 2015 1213 2078 Dei
1223 2016 1410 2094 qeniiricem
1421 2031 1485 2077 csse
1501 2017 1611 2078 credit.
1628 2016 1656 2078 is
1672 2019 1769 2080 etiarn
1784 2035 1805 2078 o
1832 2017 1954 2079 Deiteic
1973 2018 2014 2079 sit

261 2117 343 2171 pern,
366 2100 421 2161 uei
445 2102 628 2164 ammodum
647 2100 911 2180 dipuiuremaet
932 2100 1113 2160 sermidam
1155 2107 1337 2176 separatus.
1355 2098 1476 2178 Siquis
1492 2099 1572 2160 duos
1587 2099 1763 2161 introducit
1786 2098 1880 2178 ptius,
1905 2115 2011 2162 tinum

256 2183 490 2265 ecquniiioiem
504 2184 646 2256 impuris,
661 2185 712 2246 oei
735 2185 917 2246 secundum
940 2182 1114 2244 auctorite·
1157 2182 1290 2260 quidem
1305 2197 1347 2244 eu
1359 2183 1420 2243 Neo
1433 2181 1538 2245 Putre.
1552 2183 1733 2244 sectandum
1755 2187 1864 2243 acriora
1891 2199 1933 2244 ccc
1947 2199 2014 2243 orn·

262 2278 333 2340 tem,
346 2273 405 2328 out
417 2265 618 2336 relationem,
631 2273 692 2328 arri
703 2266 862 2347 effoetum,
880 2272 937 2327 eut
949 2266 1111 2337 uirtutem,
1157 2270 1216 2334 tre,
1234 2271 1262 2326 et
1274 2279 1343 2326 uon
1362 2280 1468 2326 unum
1497 2273 1525 2326 ct
1537 2265 1697 2330 eumdem.
1721 2266 1893 2342 adoptione
1921 2263 2015 2336 iiiiaii

259 2350 439 2415 minoem
452 2346 509 2409 Dei
526 2349 676 2412 Verbiod
688 2350 853 2412 homiuem
866 2346 1116 2424 inctnmessedii
1158 2363 1244 2426 quae
1254 2348 1414 2424 promisso
1425 2347 1521 2410 estiis
1532 2347 1682 2426 quirccic
1694 2347 2014 2423 credunuemeiderit.
2133 2404 2134 2414 ,

259 2435 346 2497 inira:
367 2430 486 2494 Ninon
497 2430 663 2511 enutiieiur
684 2434 843 2495 unitatem
866 2430 925 2493 lici
955 2429 1046 2492 Verbi
1069 2429 1114 2491 ad
1160 2431 1196 2491 Si
1211 2431 1282 2508 quis
1296 2431 1493 2492 unncdoret
1508 2427 1713 2507 contuitionem,
1732 2431 1909 2494 oreotiterua
1923 2430 2016 2506 sidae

261 2515 586 2579 cerncmseeuudum
609 2516 881 2594 eoorpositionenr,
910 2514 976 2574 sire
1000 2522 1114 2574 seeun-
1158 2511 1216 2576 Dei
1230 2511 1745 2590 crurumereiurinicriectoridns.

257 2595 587 2662 damcuouucauam
607 2599 728 2673 inuam
751 2613 829 2666 cecc,
859 2595 1036 2658 ouotiteorn
1058 2596 1112 2656 sit.
1200 2595 1330 2660 Basilius
1345 2595 1400 2658 lib.
1417 2595 1448 2656 i.
1464 2595 1635 2658 iniiuuom.
1653 2611 1811 2674 exponens
1838 2595 1926 2658 iilud:
1956 2595 2015 2656 Da·

265 2683 299 2742 tii
313 2695 384 2742 oen.
401 2678 432 2740 5.
449 2679 485 2740 Si
495 2682 568 2759 quis
579 2681 786 2743 introducere
800 2686 938 2742 ementur
950 2679 989 2741 in
1000 2682 1114 2757 arque·
1157 2677 1270 2740 minue
1282 2679 1402 2740 creauit
1415 2693 1478 2739 me:
1493 2677 1696 2756 cupiendum
1707 2679 1818 2756 iqiiur,
1837 2679 2017 2756 inquierer-

261 2766 309 2827 rin
324 2762 441 2824 Cirriui
456 2764 540 2824 duos
553 2763 849 2836 subsutcniiosscu
862 2763 945 2823 oram
959 2775 1115 2838 personas
1160 2759 1238 2822 bum
1249 2760 1357 2822 Genuit
1372 2759 1482 2822 deDeo
1498 2759 1594 2822 Nilia:
1621 2763 1732 2824 crearit
1755 2777 1829 2823 nero
1852 2762 1892 2824 de
1908 2777 1942 2823 eo
1960 2761 2018 2842 qui

263 2847 591 2908 acciendumque.
608 2846 771 2907 Etenni.
789 2845 911 2925 Siquis
935 2842 1067 2905 nomme
1088 2846 1118 2904 ei
1158 2844 1300 2922 imorum
1319 2843 1403 2905 serni
1417 2843 1549 2922 occepit.
1576 2845 1616 2906 In
1644 2844 1793 2906 omnibus
1819 2847 1927 2906 euiena
1950 2843 2020 2904 istis

197 2938 198 2965 ³
259 2945 326 2993 uon
340 2943 416 2990 cere
446 2929 503 2989 nee
529 2929 717 3006 penurieear
744 2943 810 2990 rese
837 2930 916 2988 dicii
942 2927 1117 3003 qioriocnm
1158 2926 1484 2998 nonduosdicirnue,
1508 2925 1609 2990 Peren
1634 2930 1834 3001 concremet
1858 2926 2021 2988 hominurn

197 3036 198 3069 r
259 3019 385 3088 semper
404 3008 569 3088 Verqirteru
579 3011 728 3084 iterium,
745 3010 921 3073 onotirema
931 3009 984 3070 rii.
1160 3023 1305 3072 scorsum
1333 3006 1446 3086 (Unus
1459 3011 1549 3072 enirn
1564 3013 1633 3074 croi
1647 3009 1659 3090 )
1674 3010 1866 3088 eoqitntinue
1881 3025 1919 3072 ec
1933 3026 2021 3071 necn-

197 3122 198 3127 ,
297 3093 386 3156 ldem
401 3095 531 3156 nubetur
546 3096 576 3154 iu
592 3093 727 3156 coneilio
739 3094 942 3156 Latereneose
955 3089 1119 3154 suhNurti·
1161 3101 1191 3154 ιο
1205 3091 1375 3168 cujustibet
1392 3098 1549 3154 naturum
1563 3100 1761 3170 repententes.
1972 3139 1976 3148 ,

197 3198 198 3235 r
261 3195 300 3240 uo
315 3178 340 3239 l.
357 3177 492 3238 consuit.
510 3176 565 3238 uit.
580 3193 650 3239 con.
666 3177 698 3238 ii.
715 3176 751 3238 Si
764 3178 838 3256 quis
848 3176 1030 3238 seeundum
1041 3189 1118 3236 sun·
1202 3174 1412 3236 damascenus
1429 3174 1483 3235 tib.
1498 3175 1528 3236 3.
1539 3175 1577 3236 de
1589 3176 1670 3252 Fid,
1693 3192 1762 3253 enp.
1778 3173 1809 3236 P.
1829 3174 1948 3253 ipsius,
1972 3175 2019 3235 in-

196 3280 199 3322 r
261 3267 324 3322 etos
339 3258 452 3322 Patres
466 3273 536 3320 non
550 3257 719 3336 condietur
729 3259 872 3338 proprie,
889 3264 919 3318 ct
938 3256 1119 3321 seeundum
1162 3259 1238 3336 quit,
1256 3254 1345 3318 Nerei
1365 3255 1546 3336 hypostasis
1566 3259 1736 3338 utriunque
1751 3262 1894 3322 auimae
1922 3257 2022 3339 dqpof

196 3361 199 3403 i
265 3344 436 3405 centetum
449 3343 634 3406 caducum
648 3344 728 3404 etin
743 3341 870 3404 dunum
893 3340 1022 3401 naturis
1045 3338 1118 3399 eud·
1163 3341 1257 3402 cresis
1274 3340 1426 3414 coruum,
1450 3340 1578 3402 nuttam
1590 3340 1851 3404 inconsistentem
1870 3355 1936 3403 esec
1945 3356 2019 3420 per·

197 3432 200 3484 t
260 3425 459 3488 siuntieiiier
472 3426 572 3486 moitis
599 3426 770 3502 inconfuse
797 3431 827 3486 ei
851 3423 991 3485 indivise
1011 3436 1118 3482 unnrn
1163 3423 1328 3487 mittitete.

196 3527 199 3568 r
260 3510 477 3588 nummusque
490 3503 1119 3571 csseiiominumciiieruniesruuditri·
1204 3504 1269 3566 iem
1287 3503 1460 3567 eantinis.
1475 3503 1508 3566 S.
1521 3502 1689 3584 Cyprianus
1704 3505 1804 3568 titre.
1817 3509 1915 3567 contr.
1938 3504 2024 3578 iud,

197 3611 199 3651 r
261 3598 362 3662 sium,
377 3591 420 3652 sii
433 3591 679 3653 condemnetur.
1164 3603 1233 3666 cap.
1249 3587 1280 3650 8.
1298 3587 1398 3665 Quod,
1416 3587 1528 3666 inquit,
1552 3605 1626 3650 cmn
1650 3589 1813 3667 principun
1842 3587 1947 3651 Nilum
1962 3585 2027 3652 *Dei

197 3724 199 3734 .
300 3673 391 3734 Idem
419 3672 665 3734 incooeitioil.
682 3672 816 3751 qeneruii
832 3670 937 3732 acti.
954 3669 985 3730 in
1012 3667 1120 3730 Conci·
1165 3669 1446 3749 fuisretqencruri
1459 3670 1590 3732 indueret
1616 3673 1721 3734 dcuuo
1748 3672 1929 3734 secundam
1956 3685 2029 3733 cnr·

196 3790 199 3799 ·
260 3757 304 3818 lio
318 3755 499 3834 Hispalensi
519 3755 559 3817 il.
572 3772 642 3834 cup.
657 3757 713 3817 uit.
726 3754 871 3816 Toletano
886 3752 936 3814 Nl.
953 3768 1021 3831 cap.
1041 3752 1070 3813 i.
1090 3758 1122 3814 ct
1165 3769 1243 3816 nern
1257 3759 1315 3816 cic.
1332 3752 1368 3814 tn
1380 3767 1447 3832 cup.
1464 3753 1514 3815 to.
1532 3755 1613 3832 quod
1628 3755 1722 3816 homo
1737 3761 1767 3816 ct
1783 3757 1863 3816 Noas
1889 3753 2026 3816 Christus

197 3874 198 3899 i
257 3839 333 3900 eliis
344 3837 465 3899 maltis.
1168 3853 1206 3898 ex
1222 3843 1352 3912 utroque
1367 3851 1483 3913 genere
1498 3843 1671 3908 concretus,
1683 3843 1715 3900 ut
1730 3839 1877 3900 mediator
1891 3850 1962 3898 esse
1977 3836 2026 3897 in·.

303 3920 457 3981 Probatur
470 3925 578 3998 quarto
591 3934 629 3981 ex
642 3918 794 3981 Patribus.
811 3918 852 3980 dc
864 3917 895 3978 in
907 3916 1015 3993 primis
1027 3912 1121 3993 bdy·
1166 3925 1214 3982 tcr
1232 3935 1300 3992 nos,
1317 3925 1347 3980 et
1361 3918 1478 3980 Putrem
1494 3925 1601 3996 posset
1618 3927 1677 3982 etc.

259 4004 354 4065 rittus
370 4008 403 4063 ei
415 3999 550 4063 ioannes
565 3999 731 4064 cassinuus
751 4016 787 4061 ex
802 4001 941 4078 professu
957 4000 1036 4060 nunc
1051 3998 1123 4058 hee·
1207 4002 1340 4064 Hilarius
1354 4000 1409 4064 lib.
1426 4002 1457 4062 P.
1471 4001 1577 4063 Trinit.
1593 4001 1678 4064 unas
1693 4001 1881 4079 uuiqenitus
1893 4000 1976 4064 ncne
1987 4002 2027 4063 in

260 4086 361 4148 resim
378 4083 692 4163 retuteruntdyritius
707 4084 739 4146 in
754 4083 857 4145 Nede
871 4082 1022 4143 incarnat.
1034 4080 1121 4140 ocu.
1168 4085 1353 4161 corpusculi
1367 4084 1506 4146 tramam·
1518 4083 1660 4161 forment
1682 4090 1815 4147 sunctae
1839 4085 1975 4161 t'irpiau
1989 4098 2024 4144 u·

265 4176 296 4231 et
312 4170 345 4228 in
363 4167 493 4245 dpoioq.
510 4182 565 4244 pro
580 4168 674 4230 duod.
686 4166 778 4245 cepit.
802 4174 835 4229 ot
857 4167 889 4228 in
904 4165 975 4225 attis
999 4163 1062 4224 iere
1087 4177 1118 4222 ο·
1169 4173 1236 4229 tero
1250 4169 1391 4229 insertus
1400 4167 1647 4245 accrescitquin
1661 4167 1771 4232 omniu
1781 4168 1921 4230 continet
1936 4171 1966 4227 et
1976 4165 2025 4227 in.

263 4251 394 4313 mnibus
405 4250 471 4310 suis
482 4249 640 4327 operibus,
661 4249 715 4310 uhi
743 4250 834 4311 etium
860 4248 951 4310 mutto
977 4246 1120 4306 Veterum
1170 4250 1551 4329 trequernoruniusuni,
1568 4250 1705 4312 numeni
1727 4257 1842 4328 portus
1865 4250 1932 4328 leqe
1950 4263 2026 4328 pro·

263 4332 443 4397 testimonio
458 4347 514 4409 pre
529 4348 563 4394 se
578 4331 711 4393 adducit.
726 4331 888 4394 Cassianus
900 4330 954 4390 tib.
970 4328 1000 4390 i.
1016 4330 1056 4390 de
1072 4327 1120 4388 in·
1171 4335 1273 4410 fertur
1288 4337 1346 4393 cic.

263 4422 385 4477 cernet.
409 4413 532 4491 scripsit
544 4421 649 4476 contre
671 4413 838 4476 Nestorium
851 4414 940 4495 jussu
965 4427 993 4473 s.
1008 4411 1120 4472 Leonis
1186 4435 1190 4440 ’
1212 4415 1401 4476 Ambrosium
1417 4411 1472 4476 tiu.
1490 4411 1528 4476 de
1543 4413 1785 4476 turriculum.
1803 4413 2026 4490 Sacramcup.

265 4500 290 4559 Ι.
306 4506 341 4560 et
357 4498 389 4559 in
406 4496 580 4559 institui.
596 4498 725 4576 plurime
740 4497 857 4558 recitet.
886 4495 1069 4556 Graecorum
1091 4497 1123 4555 ci
1171 4497 1202 4559 5.
1222 4497 1299 4560 Cum
1314 4496 1406 4565 Dens,
1425 4495 1532 4573 inquit,
1549 4512 1675 4575 semper
1690 4503 1768 4560 osset
1782 4501 1944 4564 ocimum,
1974 4497 2028 4558 In·

264 4581 445 4643 Latinorum
461 4579 582 4641 Pntruru
597 4579 783 4644 testimonie.
1172 4580 1373 4642 carnationis
1390 4578 1601 4643 sacramente
1621 4581 1771 4658 suscepit,
1799 4595 1869 4642 non
1891 4581 2027 4654 dinieue,

304 4664 433 4725 Praeter
453 4678 489 4725 eu
502 4679 583 4739 quoe
599 4664 648 4724 isti
670 4663 850 4732 adducunt,
877 4673 1044 4740 possumus
1064 4656 1121 4718 atie
1173 4664 1233 4726 run
1250 4663 1432 4740 apaaqaua
1444 4667 1620 4740 armumque
1633 4677 1732 4734 pppis,
1746 4667 1775 4726 ci
1786 4677 1873 4726 unus
1890 4664 1928 4726 qn
1942 4669 2029 4724 ppo.

265 4747 420 4825 quaedem
433 4744 553 4806 uiicrre.
566 4745 695 4807 Sanctus
710 4744 845 4824 ignatius
860 4743 888 4804 in
913 4742 1004 4820 epist.
1031 4741 1067 4801 ad
1085 4738 1121 4800 E·
1173 4746 1310 4824 quadrae
1321 4749 1380 4817 eeu
1392 4745 1443 4807 uei
1456 4745 1635 4809 diuinitate.
1648 4745 1698 4808 eei
1713 4761 1929 4823 corporemon
1941 4746 2028 4806 eninr

267 4839 359 4908 pnes.
386 4829 495 4904 inquit,
513 4827 615 4890 Niiius
628 4830 685 4891 iiei
696 4835 772 4899 ento
783 4827 914 4888 soecuio
924 4822 1123 4904 penetrandi
1173 4830 1254 4890 niter
1277 4845 1319 4890 em
1334 4825 1440 4890 Patre.
1457 4828 1538 4890 niter
1550 4843 1592 4892 ecc
1610 4829 1746 4906 i'irqine,
1761 4833 1819 4890 eie.

261 4914 365 4991 jaccen
378 4911 486 4973 Patris
496 4912 693 4974 uoitmioiem
703 4916 733 4972 ei
744 4910 914 4973 arbitrium
926 4907 1123 4971 omnioeon·
1213 4909 1457 4988 Hieronymasin
1474 4927 1541 4988 cup.
1562 4911 1619 4973 id.
1650 4911 1751 4974 uarro.
1786 4908 1888 4985 Quod,
1914 4908 2024 4983 inquit,

267 4997 419 5057 didisset·
432 4995 461 5055 is
474 4995 513 5056 in
526 5000 616 5056 utun
628 4999 767 5073 pusicius
782 4999 836 5065 osi,
852 5008 895 5054 ecc
909 4991 1012 5054 Nerio
1020 4989 1124 5068 junio
1172 4993 1319 5056 aseendit
1328 4991 1415 5054 sotus
1428 5007 1535 5064 orere,
1552 5011 1619 5057 nen
1632 4995 1678 5058 ed
1693 5009 1768 5056 cunr
1780 4993 1902 5069 referes
1918 4992 1975 5071 qni
1987 4991 2028 5053 de

269 5078 550 5156 dispensationem
559 5084 658 5140 natus
672 5083 717 5139 eet
731 5077 906 5141 cesonino
929 5073 1033 5138 Pauci
1053 5087 1128 5136 eon·
1173 5077 1317 5156 quinque
1336 5075 1478 5154 pertidus
1507 5079 1651 5156 quinque
1672 5078 1832 5140 sniurnoit
1859 5075 2028 5138 Nominum

269 5167 385 5240 ceptus
400 5160 439 5222 de
453 5159 577 5239 Spiritu
589 5167 711 5232 saucio,
1172 5159 1289 5221 miliia.
1305 5159 1363 5220 sed
1377 5159 1422 5220 nd
1446 5175 1519 5222 eum
1541 5160 1599 5238 qui
1626 5161 1742 5220 audita
1764 5165 1866 5222 morio
1891 5157 2027 5220 ioannis

310 5244 346 5306 B.
362 5242 514 5305 iustiuns-
522 5250 633 5322 martyr
646 5243 678 5304 in
695 5244 748 5304 tib.
765 5240 804 5304 de
817 5247 893 5302 reci.
905 5238 971 5301 Nid.
987 5237 1124 5300 coniess.
1170 5242 1297 5304 succesit
1310 5242 1349 5303 in
1362 5241 1581 5304 sotttadnecm.
1598 5257 1665 5304 uon
1678 5243 1947 5320 quodpcrsonorn
1967 5237 2030 5301 Do-

270 5327 345 5388 circ'.
365 5323 464 5387 med:
481 5325 577 5397 druis,
595 5326 701 5401 inquit,
718 5324 891 5398 eruditius,
919 5326 949 5384 et
972 5321 1126 5401 quinmr·
1171 5325 1256 5389 enini
1268 5339 1465 5402 separemus,
1481 5325 1747 5404 sedquodopero
1768 5325 1837 5400 ejus
1863 5325 1949 5386 inter
1970 5319 2028 5382 De·

271 5417 348 5470 tuus
363 5413 423 5478 cst,
437 5415 465 5469 et
479 5409 538 5487 qui
548 5408 584 5479 id
596 5407 856 5485 qrsedmoruurm
878 5411 948 5468 mni
961 5404 1124 5467 rudiarii.
1172 5424 1229 5470 um
1244 5413 1272 5470 ci
1285 5407 1449 5470 hominem
1460 5407 1566 5470 diuiso
1578 5408 1653 5470 sini.
1670 5409 1703 5468 iit
1718 5411 1747 5468 in
1759 5408 1848 5484 epist.
1869 5408 1908 5468 de
1931 5404 2024 5482 iirgi·

272 5491 357 5554 dum
371 5507 447 5570 erqo
463 5492 503 5553 de
516 5505 584 5552 uno
598 5490 664 5568 titio
690 5491 870 5552 contrarias
892 5504 983 5552 uoces
1003 5487 1126 5556 audiet,
1174 5492 1228 5550 nit.
1242 5492 1361 5550 custod.
1379 5492 1414 5550 nd
1431 5489 1661 5552 sustentetur·
1688 5489 1801 5558 Niiius,
1829 5485 1953 5564 inquii,
1964 5501 2025 5564 pre

270 5591 311 5636 ce
326 5591 416 5655 quoe
430 5576 586 5636 dicuntur
599 5574 726 5636 naturis
738 5572 853 5635 indue:
878 5589 917 5635 ec
930 5572 959 5634 si
972 5583 1131 5646 summurn
1172 5577 1284 5632 nostre
1301 5572 1417 5643 erriute,
1440 5573 1580 5636 dominis
1601 5573 1705 5650 [uetus
1726 5575 1770 5633 eei
1789 5569 1875 5647 iilius
1892 5587 1901 5646 ς
1918 5570 2028 5634 decem

271 5659 436 5736 quiddam
450 5664 480 5718 ct
490 5657 648 5718 diuinum.
667 5657 799 5718 diuinae
811 5656 999 5716 iduotrmne
1017 5649 1132 5714 inuri.
1173 5653 1337 5715 inermibus
1350 5655 1386 5716 in
1398 5660 1488 5718 utero
1505 5662 1541 5718 ui
1561 5661 1716 5718 enecetur
1733 5658 1907 5730 carpocrm,
1924 5659 1951 5716 ct
1972 5653 2027 5716 iiie

270 5732 1130 5821 uesiquidperuurietnrrmanamrtmmaaucauecri·
1173 5736 1298 5814 pupilio
1313 5739 1478 5800 nereidum
1490 5738 1675 5809 includens,
1699 5735 1865 5816 praesepis
1886 5737 2028 5800 continc-

272 5821 350 5886 iito.
370 5824 424 5884 Sic
440 5824 568 5885 enimet
580 5822 750 5887 uerborum
773 5819 1029 5898 discrepantiam
1049 5819 1131 5878 citu
1179 5825 1232 5881 tur
1246 5819 1415 5895 anqustiis.

275 5907 336 5976 bis,
354 5911 656 5984 emnsuocuroqne
670 5905 950 5983 naimnrccipiet,
966 5909 994 5964 ci
1008 5901 1131 5962 Niiiuru
1217 5904 1404 5977 Augustinus
1420 5901 1542 5964 Nnrtrir.
1566 5917 1633 5980 cap,
1657 5899 1707 5962 ti.
1737 5901 1899 5972 Proinde,
1917 5875 2033 5978 inquit,

274 6004 386 6051 noum
399 5988 513 6050 ordiris
525 5983 658 6049 enecrde
671 5989 886 6063 antecessisse,
915 5991 944 6049 ci
964 5999 1069 6048 unum
1090 5997 1133 6045 cu
1180 5983 1318 6046 Christus
1332 5983 1423 6046 iactes
1439 5985 1494 6046 Pei
1513 5982 1617 6047 Filius
1646 5989 1690 6048 rei
1718 5985 1845 6049 silicus
1870 5990 1899 6046 et
1920 5983 2028 6047 homo.-

278 6072 457 6152 scripturis
469 6070 619 6149 fatebere.
818 6115 822 6124 .
950 6135 953 6140 ,
1178 6066 1260 6130 uere
1271 6065 1416 6148 quindei
1434 6065 1673 6144 verecundemur
1690 6077 1797 6132 eutem
1810 6067 1938 6148 quinio
1952 6068 2027 6132 uni·

422 6173 588 6234 deiciuntur.
617 6173 675 6230 ini.
696 6175 716 6232 i.
1836 6169 1870 6225 32
