4792 7009
475 689 530 744 ibi
1193 684 1237 741 bb
1256 679 1402 744 conisae

406 825 454 889 ein
471 824 584 893 minus,
601 835 770 884 convocare
783 820 884 901 majus
895 818 1080 884 Concilium.
1093 820 1215 884 annila
1228 820 1271 884 la·
1316 813 1549 899 explicationem
1573 815 1719 897 semiruti,
1737 819 1971 886 etmutatloncm
1987 828 2071 905 quoad
2083 847 2134 898 rcr·

406 915 487 971 ctum
503 907 643 968 ridemus
657 905 840 984 saepissime
857 906 887 966 in
905 906 1053 968 Ecclesia.
1316 900 1366 970 bar,
1395 899 1449 962 sed
1477 900 1632 975 prohiberi
1659 905 1884 981 corruptionem
1905 921 1958 980 per
1971 909 2133 996 additionem,

445 990 603 1050 Haercsiur
623 989 705 1049 Pauli
724 988 913 1049 samosateni
930 987 1083 1049 damnarit
1098 985 1270 1052 Concilium
1316 989 1366 1044 aut
1387 983 1606 1046 detractionem
1632 988 1816 1048 contrarium
1842 1003 1965 1050 sensum
1979 994 2133 1077 reddentem,

387 1073 630 1138 »antiochenum
644 1088 810 1150 paucorum
823 1073 1118 1148 episcoporumnec
1131 1070 1271 1134 oliimui·
1318 1067 1347 1128 id
1375 1066 1455 1142 quod
1481 1067 1610 1144 probent
1626 1069 1730 1128 mullis
1746 1069 1856 1134 modis.
1877 1070 1981 1146 Prima,
1997 1074 2037 1137 sie
2049 1077 2132 1144 intelli·

404 1164 434 1218 to
450 1155 556 1232 pierres
572 1156 602 1216 in
620 1161 682 1214 toto
698 1154 812 1216 mundo
828 1153 990 1229 conquesti
1003 1160 1085 1214 sunt.
1101 1152 1155 1214 sed
1169 1159 1267 1218 ratum
1316 1155 1431 1228 guntur
1445 1150 1534 1210 etium
1551 1149 1641 1210 uerbo
1658 1150 1742 1215 Pauli
1758 1151 1852 1214 Galat.
1872 1152 1899 1214 ι.
1914 1152 1962 1216 ubi
1974 1158 2133 1224 anathemati·

404 1239 589 1298 babarorum.
605 1245 635 1298 nt
651 1243 734 1315 patet
747 1251 782 1296 ex
797 1236 867 1299 bist.
883 1235 996 1298 Cuseb.
1011 1235 1067 1296 lib.
1083 1235 1112 1296 i.
1127 1251 1196 1312 cap.
1212 1238 1266 1300 ult.
1318 1237 1364 1292 ret
1390 1246 1456 1303 eos,
1484 1231 1537 1308 qui
1564 1231 1678 1294 docent
1699 1241 1820 1310 praeter
1834 1235 1864 1296 id
1880 1237 1960 1313 quod
1974 1235 2034 1316 ipse
2047 1242 2130 1310 docuit:

403 1320 562 1385 diaeresim
578 1318 750 1381 illaeedonii
767 1319 921 1378 damnarit
936 1315 1106 1379 Concilium
1123 1315 1271 1380 Constan·
1317 1330 1388 1378 uam
1414 1313 1545 1392 ipsemet
1571 1314 1662 1376 multu
1679 1315 1735 1376 alia
1749 1316 1852 1378 docuit
1865 1324 1980 1396 postea,
1996 1325 2022 1382 et
2033 1321 2132 1394 loannes

406 1401 653 1482 linopoiilenum,
681 1404 713 1461 in
739 1417 800 1476 quo
816 1400 921 1464 nullus
937 1400 991 1460 tuit
1007 1399 1192 1471 Latinorum,
1212 1417 1271 1464 nco
1316 1403 1411 1458 tolum
1438 1397 1633 1475 evangelium
1656 1405 1760 1476 postca
1778 1400 1912 1477 scripsit,
1929 1400 1978 1462 ubi
1994 1410 2130 1476 suntnulte

406 1487 501 1550 Latini
525 1483 684 1562 conquesti
708 1489 791 1546 sunt.
807 1482 863 1543 sed
879 1481 1095 1559 probaverunt.
1112 1483 1271 1547 ileeresirn
1318 1495 1396 1556 quae
1413 1493 1473 1540 non
1490 1477 1689 1542 inueniuntur
1704 1481 1733 1542 in
1751 1481 1854 1558 Paulm
1871 1498 1929 1546 non
1946 1498 2015 1562 erga
2028 1489 2131 1564 pmbibel

407 1569 518 1647 Peiargii
541 1568 761 1629 damnaverunt
775 1563 910 1627 Concilio
926 1564 1136 1643 provincialia,
1154 1565 1269 1628 bliteri-
1316 1561 1441 1630 Paulae.
1468 1560 1538 1621 oddi
1565 1561 1747 1638 doctrinam,
1769 1564 1824 1626 sed
1840 1564 1909 1626 eddi
1925 1565 2031 1646 aliquid
2044 1579 2130 1636 ente·

407 1659 510 1713 tanrrm
537 1657 567 1712 et
581 1649 834 1727 carthaginense.
852 1663 910 1709 nee
925 1647 1008 1710 ullus
1024 1655 1185 1726 propterea
1201 1649 1272 1711 lecit
1318 1644 1396 1708 rium
1412 1641 1635 1721 superioribus.
1858 1647 1861 1654 '

408 1736 555 1799 schisma.
578 1731 648 1812 quie
671 1746 733 1792 nnn
755 1730 867 1794 inisset
888 1730 1198 1794 recatus-lieeresim
1215 1731 1271 1794 Ne·
1358 1726 1512 1798 sectando,
1526 1723 1734 1790 siConcilium
1751 1727 2135 1810 blpbesinumloquerelurde

408 1818 493 1879 storii
519 1814 673 1876 damnarit
698 1811 867 1884 Concilium
883 1812 1088 1891 Ephesinum,
1106 1819 1270 1892 autequam
1319 1809 1455 1887 qualibet
1471 1809 1635 1876 rnututiano
1651 1809 1799 1889 Stoboi,
1819 1811 1881 1890 loto
1908 1827 1977 1875 osse
1997 1815 2135 1893 abrogatae

408 1901 554 1961 adessent
575 1897 684 1966 bulini,
708 1911 786 1972 quos
811 1895 949 1975 pontiiex
964 1894 1158 1958 Caelestinus
1173 1897 1274 1959 mitte·
1322 1891 1498 1970 Symbolum
1514 1889 1894 1970 Constantinopolitanum,
1909 1894 1958 1956 ubi
1980 1895 2136 1964 hebetando

410 1982 471 2044 bal:
500 1997 561 2042 non
588 1987 690 2040 temen
707 1977 803 2039 bulini
819 1977 980 2055 conquesti
996 1985 1078 2042 sunt.
1096 1979 1151 2040 sed
1170 1981 1274 2042 roluc-
1319 1973 1917 2056 PotreprocedectcmmemSpmbolum
1930 1976 2138 2061 Constantinopu·

409 2069 481 2126 runt
505 2076 696 2142 cognoscere
721 2075 786 2122 rem
809 2066 939 2138 gestaru.
955 2065 989 2143 et
1000 2061 1154 2139 cognitam
1165 2078 1275 2140 appro·
1324 2056 1451 2120 tirenum
1467 2057 1583 2118 addidit
1598 2060 1634 2116 ad
1649 2057 1807 2120 ilicaenam
1824 2059 1981 2132 interulia,
1997 2061 2073 2124 etiam
2084 2064 2137 2128 bant

408 2147 567 2210 bererum.
582 2144 618 2204 lit
629 2141 804 2222 trujusmodi
818 2148 890 2202 sunt
901 2141 1017 2204 inlicita
1030 2144 1275 2223 exempletlrae·
1320 2137 1498 2218 particulam
1510 2139 1563 2201 lico
1574 2138 1669 2202 Patre
1679 2141 1953 2220 procedentcm3et
1964 2149 2052 2208 umen
2063 2144 2138 2208 oneo

410 2232 437 2292 ci
451 2245 524 2307 crgo
538 2243 598 2288 non
611 2233 742 2304 possunt
753 2224 997 2302 earnqucriquod
1012 2225 1081 2288 sinc
1093 2226 1276 2304 ipsisquae·
1319 2237 1443 2298 semper
1463 2221 1510 2284 usi
1526 2227 1598 2285 sunt
1615 2223 1760 2304 symbulo
1781 2223 2105 2304 Constantinopolitano,
2120 2235 2139 2292 et

410 2312 469 2372 stin
485 2310 608 2372 ‹todnita
625 2315 682 2381 est,
700 2307 879 2384 pracsertim
895 2323 966 2368 oum
982 2314 1052 2385 pust
1067 2308 1151 2371 illam
1167 2310 1275 2373 dessni·
1321 2318 1381 2366 uon
1399 2305 1542 2374 llioneno.
2024 2345 2026 2352 .

409 2395 525 2456 tionem
552 2392 614 2452 sint
638 2390 734 2451 rooati
760 2389 798 2450 ad
813 2388 949 2450 Concilio
964 2391 1131 2468 generalia,
1148 2408 1209 2453 non
1227 2409 1275 2456 sc·
1361 2385 1472 2456 Tettio.
1485 2384 1517 2448 io
1540 2384 1677 2458 Consilio
1694 2386 1948 2462 chalcedonensi,
1964 2385 2013 2452 obi
2036 2387 2141 2454 ridentur
2174 2411 2175 2458 ι

410 2475 485 2547 mel,
512 2489 614 2555 neque
640 2472 701 2543 bis,
728 2472 784 2534 sed
797 2472 938 2548 saepius,
955 2478 986 2532 et
999 2488 1121 2534 rursum
1136 2475 1275 2552 quaestio
1324 2467 1502 2530 interfuisse
1518 2469 1604 2530 multi
1621 2485 1659 2532 ex
1674 2471 1843 2550 episcopis,
1859 2472 1910 2548 qui
1933 2471 2142 2534 iueruntinCao·
2174 2469 2175 2472 ’

415 2557 571 2636 proposita
584 2563 615 2618 et
629 2555 770 2617 discussa
786 2554 826 2614 sit
841 2552 918 2629 ipsis
934 2556 1159 2630 praesentibus.
1321 2551 1391 2614 cilio
1411 2550 1580 2629 Ephesiae,
1594 2559 1654 2616 act.
1671 2553 1703 2616 5.
1719 2570 1788 2615 cum
1805 2563 1890 2616 esset
1902 2553 2100 2618 conscribenda
2112 2555 2142 2618 tl·

451 2641 483 2705 Si
499 2647 595 2720 petas:
612 2637 686 2700 iicet
698 2653 761 2698 noo
776 2636 889 2698 inerint
903 2639 1079 2698 necessario
1092 2637 1197 2700 Graeci
1212 2639 1270 2700 ini·
1322 2635 1389 2704 dos.
1409 2633 1547 2713 episcopi
1564 2634 1747 2708 olimibossb
1775 2637 1906 2699 oddoitli
1917 2636 1954 2700 id
1978 2636 2141 2717 Symbolon,

412 2722 455 2786 tio
481 2720 622 2794 recondi,
649 2726 751 2781 tamen
775 2734 846 2781 cunr
873 2720 972 2781 roeari
990 2722 1156 2797 potuerint,
1173 2737 1271 2800 quare
1323 2716 1481 2780 Sanctam
1502 2717 1644 2786 Marmora
1660 2717 1928 2798 cnae'lieiporam,
1944 2723 1974 2782 et
1992 2720 2020 2781 iu
2035 2719 2078 2780 illa
2098 2719 2143 2796 ipsa

408 2806 496 2870 initio
512 2821 573 2866 non
589 2808 660 2866 sunt
674 2802 790 2864 necarit
805 2801 990 2878 despondeo
1001 2804 1113 2882 primo:
1127 2820 1188 2865 non
1202 2819 1275 2869 csse
1322 2799 1442 2861 actione
1465 2798 1611 2861 scribitur
1639 2817 1749 2864 norunr
1766 2800 1945 2882 synrbolum
1961 2800 1990 2863 in
2004 2817 2056 2880 qua
2078 2801 2143 2862 nulla

411 2896 540 2964 cortum3
568 2902 630 2948 non
645 2883 741 2947 tuisse
755 2889 891 2954 vocatos,
910 2888 943 2944 ut
957 2885 1070 2946 dicitur
1083 2886 1115 2948 in
1131 2885 1270 2952 Concilio
1322 2881 1860 2958 muteutur,adduntur‚detrabuntur
1874 2899 1910 2946 cx
1926 2883 2070 2961 particulis
2085 2883 2145 2963 Spu·

411 2972 601 3038 Florentino:
628 2974 663 3032 ut
686 2970 769 3029 enim
795 2965 984 3044 ignommus,
1010 2967 1041 3030 in
1057 2985 1118 3048 quo
1134 2969 1273 3032 Concilio
1320 2963 1384 3028 boli
1402 2963 1524 3027 dicacur
1537 2968 1569 3026 et
1583 2963 1954 3044 constantinopolitannm
1968 2965 2003 3028 nd
2016 2963 2095 3028 linem
2110 2964 2145 3026 ed·

413 3054 506 3116 tuerit
529 3053 605 3115 iacta
624 3050 750 3121 additio,
766 3049 805 3110 itu
821 3049 1009 3126 ignoramus,
1026 3067 1065 3112 an
1077 3050 1275 3116 interluerint
1321 3047 1402 3108 ditur
1422 3047 1472 3107 illu
1488 3046 1811 3126 probibitiurbcereuit
1823 3048 2081 3130 sanctasynodus
2091 3047 2144 3110 atr·
2174 3045 2175 3140 ι

365 3184 373 3198 .
416 3137 535 3210 Graeci,
552 3147 664 3196 necne.
679 3132 741 3194 Sed
757 3133 782 3193 si
794 3130 890 3192 necati
906 3145 967 3192 non
983 3138 1066 3209 sunt,
1082 3149 1193 3197 caussa
1205 3135 1272 3200 luit.
1316 3145 1390 3194 rom
1415 3134 1473 3194 eta.
1487 3135 1519 3190 ut
1534 3129 1564 3190 in
1578 3129 1735 3210 bpbesinu
1750 3131 1899 3196 Concilio.
1929 3129 1972 3194 lin
1985 3130 2084 3210 quibus
2100 3127 2144 3192 cri·

413 3219 529 3290 Primo,
545 3218 615 3294 quia
631 3230 692 3277 non
709 3221 774 3278 erat
790 3226 935 3286 necesse,
951 3230 1020 3276 cum
1036 3217 1175 3291 quaestio
1190 3222 1276 3294 esset
1321 3213 1430 3274 dunler
1451 3217 1578 3290 apparet
1605 3213 1769 3293 explicatio
1792 3214 1920 3278 decreti.
1942 3214 2001 3278 liisi
2027 3211 2143 3282 dicamus,

412 3302 525 3366 incilia.
540 3299 613 3363 Nem
626 3304 659 3360 ut
669 3295 857 3376 Augustinus
868 3297 1027 3374 respondit
1039 3297 1209 3377 Pelagianis
1221 3314 1274 3379 pe·
1320 3293 1489 3358 Concilium
1500 3299 1639 3373 quartuor
1655 3313 1792 3377 pugnare
1811 3313 1884 3360 cum
1900 3297 1994 3372 tertio,
2006 3301 2145 3358 etesseer·

412 3384 550 3447 tontibus
574 3381 718 3462 generale
736 3377 913 3440 ‘Concilium
938 3377 995 3440 lib.
1021 3378 1053 3443 l.
1080 3382 1117 3443 od
1134 3382 1273 3448 ionitae.
1321 3379 1563 3440 communicatos
1592 3393 1700 3442 omnes
1724 3381 1890 3462 episcopos
1914 3379 2007 3459 quarti
2027 3376 2144 3450 Conciti,

413 3480 482 3547 cap.
510 3467 562 3530 li.
587 3478 649 3525 non
672 3463 773 3525 omnis
788 3458 928 3522 baerests
943 3466 990 3520 est
1004 3462 1087 3534 tatis,
1104 3470 1137 3525 ut
1152 3471 1278 3543 propter
1324 3461 1406 3540 quod
1423 3475 1514 3522 nemo
1529 3459 1778 3527 haetenusoutt.

412 3565 481 3612 cam
495 3547 629 3610 debeant
644 3546 743 3607 reneri
759 3557 868 3606 omnes
881 3541 1066 3620 provinciae.
1084 3547 1119 3606 tat
1133 3548 1270 3625 proiecto
1362 3541 1449 3607 Adde
1464 3543 1558 3614 emm,
1587 3543 1792 3625 quadonoci
1808 3559 1870 3606 nun
1886 3543 2055 3622 ignorarunt
2082 3539 2145 3602 alin.

413 3630 484 3695 talis
509 3635 557 3692 est
581 3629 659 3691 irnec
684 3628 722 3688 de
748 3625 863 3704 Spiritu
884 3630 1002 3690 saneto.
1019 3626 1096 3690 Etsi
1110 3627 1187 3690 iacta
1203 3635 1276 3692 suut
1322 3625 1528 3690 Latinosesse
1542 3626 1636 3706 bujus
1650 3629 1833 3690 sententiam
1850 3643 1920 3698 uaur
1936 3623 2112 3689 Hormisdain
2124 3636 2147 3683 e·

415 3712 552 3777 Corrcilie
564 3709 730 3790 pancratio.
744 3710 820 3770 lucta
833 3710 905 3768 sunt
918 3712 949 3766 ui
960 3707 1271 3790 satisiieretilraecis,
1323 3710 1398 3858 Fiet.
1420 3709 1456 3772 ed
1472 3707 1584 3772 lustin.
1602 3709 1741 3790 imperat.
1757 3711 1873 3773 diserte
1888 3708 2019 3788 scripsit,
2040 3721 2072 3769 ex
2084 3705 2147 3770 Patre

416 3811 478 3860 narn
503 3795 588 3874 quod
611 3793 656 3856 rei
681 3791 844 3857 diiiieultus
859 3789 937 3852 baec
951 3789 1098 3872 arriperet.
1114 3793 1270 3873 Secundo,

415 3877 486 3963 quio
512 3875 683 3940 necessitas
697 3874 837 3954 urgebat,
853 3875 884 3933 et
897 3874 1073 3950 requirebat
1086 3877 1273 3941 celeritatem
1323 3874 1507 3940 additionem
1523 3873 1683 3950 inclamet
1697 3879 1863 3954 tumcuper
1878 3868 2148 3938 annosoireiteriid.

415 3964 542 4040 propter
566 3959 780 4020 contentiones
805 3955 838 4019 in
864 3952 958 4016 Gallia
970 3961 1001 4017 et
1015 3956 1161 4036 Hispania
1176 3967 1275 4025 natast
1328 3957 1490 4032 siluerunt,
1506 3972 1566 4020 uec
1580 3959 1713 4020 selrisma
1729 3958 1884 4031 iecerunt,-
1897 3963 1930 4020 ut
1944 3961 2031 4038 putet,
2046 3956 2103 4032 quie
2113 3949 2148 4011 ad·

415 4057 475 4106 uec
497 4046 641 4138 poterunt
662 4046 724 4134 tarn
744 4041 806 4134 cito
821 4051 859 4098 es
874 4039 1194 4135 remotisrepionibus
1210 4045 1278 4122 epi·
1323 4038 1485 4104 ditioiecta
1501 4045 1549 4102 est
1562 4041 1642 4104 cirea
1659 4057 1772 4103 aunum
1788 4040 1860 4102 doti.
1878 4047 1909 4104 et
1920 4035 2149 4128 posteacelebrntl

416 4122 829 4286 itttttlilitittt
842 4122 1276 4273 ttttt'ttttttlttt
1322 4124 1992 4282 tltttttttlltttttlftiiiiiii.
2008 4126 2036 4266 t
2054 4119 2150 4262 ltltt

416 4291 479 4356 lias
504 4296 567 4352 tres
593 4303 719 4352 caussas
744 4286 845 4350 reddit
862 4282 1074 4352 Beneventum
1090 4289 1207 4355 l.dist.
1225 4292 1276 4358 tt.
1322 4287 1502 4368 postcettlts
1517 4287 1599 4348 renit
1623 4288 1654 4349 in
1671 4294 1816 4364 mantem,
1844 4295 1878 4351 ut
1903 4287 1992 4351 nobis
2011 4281 2147 4364 objicerent

417 4377 537 4453 quaest.
556 4371 585 4434 i.
1323 4369 1693 4449 bpbesiuumdecretum:
1721 4370 2038 4451 curnonobjecerunt
2056 4369 2145 4434 entra,
2174 4371 2175 4426 ι

726 4449 841 4513 CAPUT
862 4455 970 4519 xxtx.
1322 4454 1382 4515 nisi
1399 4453 1468 4529 quia
1483 4452 1696 4528 intelligebant
1717 4453 1793 4516 nibil
1808 4454 1911 4516 lacere
1926 4460 2025 4516 contra
2037 4445 2147 4540 unsilia·

1322 4529 2147 4615 spondantdraeciedonetttumephesinumpruolense

542 4614 720 4703 Somnmtnr
741 4615 932 4699 olleceoace
949 4618 1154 4683 Croeeomco.
1322 4633 1445 4762 omnzm
1461 4619 1657 4762 oglatiouem
1668 4617 1881 4700 Symboiilam
1893 4619 1992 4699 quoad
2005 4621 2148 4691 remmono

1127 4746 1129 4751 -
1198 4729 1202 4744 =
1345 4717 1401 4764 uon
1438 4715 1490 4764 rer
1514 4717 1541 4764 a.

460 4779 521 4844 sed
547 4795 679 4865 necesse
705 4786 753 4845 est
776 4781 972 4862 abiectiones
993 4783 1129 4862 ipsorum
1145 4782 1277 4866 diluercq
1323 4718 1342 4782 q
1364 4786 1406 4848 ld
1422 4783 1545 4862 idquud
1562 4781 1733 4862 objecimus
1749 4783 1787 4848 da
1805 4782 1951 4864 Spmboto
1971 4773 2149 4846 constantino·

415 4863 515 4946 prime
540 4868 589 4926 est
608 4863 796 4943 hujusmodi.
813 4866 954 4946 synodus
969 4867 1023 4928 ιΙΙ.
1039 4867 1194 4944 generalis
1209 4884 1278 4945 pro·
1299 4884 1300 4894 ¹
1325 4868 1473 4946 polliano,
1498 4867 1578 4944 qaod
1594 4866 1711 4929 addidit
1732 4867 1769 4929 ad
1791 4867 1969 4940 iliceenum,
1984 4857 2148 4942 respondent:

417 4946 518 5010 bibuii
542 4961 664 5008 omnem
687 4947 883 5012 mutationem
899 4951 979 5011 eirca
995 4948 1184 5026 Symbolum3
1201 4949 1278 5014 baec
1326 4949 1518 5028 Ephesinum
1540 4947 1708 5011 Concilium
1743 4949 1903 5024 accepisse
1918 4964 1973 5030 pro
1994 4960 2049 5009 ono
2067 4947 2093 5004 et
2113 4949 2150 5000 eo·

419 5030 502 5093 euim
524 5029 675 5091 habentur
689 5031 726 5090 nd
742 5030 835 5096 inem
852 5030 990 5094 Concilii:
1007 5029 1152 5094 Decrevit
1163 5037 1279 5096 sancta
1324 5033 1393 5093 deur
1407 5029 1583 5110 Symbolum
1598 5025 2148 5108 liicaenumetConstentinopulitanrrn,

417 5111 569 5193 semona
584 5112 721 5176 aberam
734 5112 849 5176 Fidem
862 5115 991 5177 nemini
1004 5113 1100 5176 licere
1112 5116 1275 5193 profem,
1324 5120 1355 5176 et
1370 5113 1565 5192 prohibuisse
1578 5115 1775 5176 mutationem
1793 5115 1876 5178 circa
1894 5113 2060 5195 Symbolum
2071 5106 2149 5169 tincae

416 5201 475 5257 ont
500 5193 649 5262 carmem.
676 5201 733 5258 unt
757 5211 930 5275 exponere,
946 5202 1175 5276 praeteream,
1192 5212 1278 5275 quoe
1323 5202 1457 5269 num‚.ut
1471 5195 1732 5276 eratexpiieatum
1753 5196 1909 5280 esyuodo
1932 5195 2147 5266 eooscnunpu·

416 5276 551 5357 ιοῇιιιια
574 5277 637 5353 titii
658 5282 812 5341 cannetis
827 5278 977 5341 Putridae
992 5281 1085 5356 apnd
1098 5279 1278 5342 Nicocrrom
1324 5279 1428 5342 lltane.
1897 5309 1901 5316 .

415 5359 530 5425 urben
543 5359 582 5422 ia
596 5359 719 5438 Spiritu
729 5366 840 5423 sancta
852 5362 1063 5440 concrepatio.
1081 5362 1142 5423 lios
1156 5365 1276 5432 nartem,
1364 5361 1408 5424 od
1424 5361 1455 5424 ld
1469 5375 1543 5424 vero
1557 5359 1638 5440 quod
1654 5360 1826 5443 objecimus
1848 5377 1886 5427 ex
1901 5358 2033 5427 Concilio
2051 5349 2144 5417 deoo·

418 5442 478 5522 qni
496 5441 619 5518 inerim
640 5445 716 5506 anm
736 5444 838 5506 aliam
859 5443 974 5506 Fidem
995 5459 1196 5522 componere.
1213 5445 1278 5506 sino
1327 5442 1481 5519 dunensi,
1507 5443 1707 5522 respondent:
1736 5443 1906 5508 Concilium
1934 5439 2145 5508 chalcedonense

416 5525 591 5603 porricere.
609 5533 666 5590 ont
677 5526 822 5606 prolerre
835 5525 896 5593 aie.
914 5527 1094 5605 quinciaci
1108 5528 1279 5589 odnemto»
1325 5525 1463 5590 edidisse
1474 5525 1598 5602 quidem
1614 5527 1702 5590 eliam
1715 5528 1943 5592 contessionem
1955 5515 2148 5596 Fideisednon

417 5607 458 5670 tia
483 5609 699 5700 concitionem
719 5609 862 5671 conuerti
876 5623 919 5671 em
929 5609 1086 5686 peccora,
1102 5609 1152 5670 cel
1166 5624 1210 5672 cm
1224 5609 1279 5672 ιιι·
1327 5608 1540 5688 composuisse
1552 5609 1634 5672 aliud
1647 5610 1922 5690 Symlrolumquod
1935 5613 1966 5674 in
1981 5594 2147 5671 Coclesirire·

416 5690 521 5758 doce,
535 5689 586 5758 nei
599 5693 698 5754 etiam
708 5710 750 5755 eac
761 5690 904 5770 qnalibet
915 5691 1052 5756 inmari
1063 5694 1152 5764 istos,
1165 5694 1195 5755 ei
1206 5693 1282 5772 qni·
1327 5692 1467 5770 quentari
1481 5693 1620 5768 deberet,
1629 5699 1660 5755 et
1671 5693 1746 5754 tradi
1756 5693 1794 5754 iis
1803 5695 1854 5770 qui
1869 5681 2147 5767 catechizandiemni:

416 5773 495 5836 dam
505 5770 649 5850 episcopi
660 5775 793 5850 incrtat,
810 5779 868 5835 oat
879 5774 998 5839 oderim.
1009 5775 1147 5848 almona,
1159 5776 1280 5853 epieco-
1325 5779 1357 5838 ct
1372 5775 1475 5838 domii
1491 5774 1635 5856 symbolo
1647 5776 1780 5837 locutum
1795 5789 1867 5839 esse
1875 5776 2039 5842 Concilium
2048 5764 2151 5850 lipbese

413 5869 473 5934 poa
500 5854 633 5933 qaidem
657 5856 698 5917 ab
712 5859 911 5936 cpecopotn
928 5858 1060 5922 clericam
1074 5875 1096 5920 o
1110 5858 1277 5922 emmona:
1325 5873 1412 5921 num.
1430 5856 1559 5922 Occasio
1571 5857 1652 5920 euim
1668 5857 1761 5936 bujns
1776 5857 1889 5922 decreti
1906 5859 1974 5934 init,
2000 5854 2063 5936 quia
2083 5842 2152 5910 mulir

416 5937 630 6001 sinero'loiei
643 5936 777 6014 inerint,
794 5940 1097 6003 contlmmotizotoe.
1328 5940 1473 6020 Symbola
1488 5939 1675 6011 scribebant,
1701 5944 1733 6003 et
1747 5955 1782 6003 ea
1797 5941 1957 6008 tradebant
1976 5936 2112 6005 rudibus,
2129 5927 2153 5986 oi

458 6017 661 6101 bespoudent
681 6024 790 6084 nostrl:
812 6022 875 6101 boe
895 6023 1021 6088 decreto
1037 6039 1106 6088 uon
1123 6019 1281 6104 prohiberi
1325 6021 1448 6088 iuterim
1463 6039 1584 6091 errores
1597 6021 1816 6090 admiscebant.

1350 3792 1464 3870 ilioque
1479 3791 1624 3870 spiritum
1640 3793 1821 3872 pmeedere.
1837 3793 1914 3856 item
1935 3807 1994 3856 uon
2006 3789 2148 3869 ignorarunt
