4792 7009
412 656 464 715 uo
1098 649 1141 708 nu
1162 646 1272 707 turmo
1291 646 1348 704 uer

333 800 395 869 que
407 785 468 869 ipsi
482 787 587 867 aperte
601 782 820 859 dieunt,totum
835 800 985 850 emonem
1001 798 1073 849 esse
1087 798 1198 847 nores·
1242 794 1306 843 non
1322 776 1463 873 perleete·
1486 783 1645 853 nororaot,
1658 783 1692 844 ut
1715 779 1862 846 uimlrum
1882 796 1940 845 uos
1954 781 2092 850 abstraba-

333 870 447 933 sarium
461 869 499 931 od
515 870 586 944 bue,
603 874 637 931 ut
651 868 812 932 subiciens
827 867 964 932 doetriua
986 867 1146 931 habeatur.
1163 863 1199 925 lt
1243 867 1290 926 ret
1301 862 1339 923 ub
1354 859 1481 923 ineertrs
1496 861 1626 923 aliorum
1641 863 1882 927 narrationibus.

333 966 435 1027 oeque
461 950 492 1013 id
519 964 590 1013 rere
619 948 763 1013 alllrmari
793 956 904 1029 potest.
921 950 995 1013 Nam
1024 947 1110 1011 inuiti
1127 944 1198 1009 libri
1283 944 1447 1015 ioannem,
1464 942 1573 1003 scribit
1587 942 1670 1005 idem
1686 944 1801 1008 iiuseh.
1817 945 1945 1019 ibidem,
1961 951 2094 1025 usquead

332 1047 403 1095 rere
419 1032 499 1095 seori
514 1036 546 1094 et
559 1032 703 1095 eanouioi
719 1030 888 1111 perioruul3
906 1032 998 1111 igitur
1026 1045 1088 1093 non
1104 1027 1199 1089 huhe·
1246 1030 1412 1087 extremum
1427 1030 1622 1087 seneclutem
1636 1025 1705 1088 siue
1726 1028 1787 1089 ulia
1803 1027 1961 1105 Seriptura
1975 1026 2094 1109 lirange·
2167 1027 2168 1064 l

335 1127 481 1188 musaeo
496 1112 662 1176 babuimus
678 1130 695 1177 a
712 1113 792 1176 teuit
804 1114 893 1175 nauis
905 1112 1109 1175 suilloieutem
1126 1108 1199 1171 doe·
1246 1107 1320 1168 tium
1338 1106 1549 1186 praedicasse,
1564 1112 1595 1167 et
1608 1107 1694 1169 addit
1708 1107 1913 1188 Hieronymus
1943 1107 1975 1169 iu
1998 1110 2046 1171 tib.
2060 1114 2092 1175 de
2168 1123 2169 1128 ’

335 1195 458 1269 trinum,
476 1193 503 1257 si
518 1199 580 1256 lota
601 1194 660 1256 sita
674 1201 721 1257 est
735 1194 766 1257 in
782 1194 959 1273 Soripturis
975 1193 1048 1257 Num
1079 1207 1117 1255 ex
1142 1189 1199 1252 Te·
1246 1186 1359 1266 Soripl.
1376 1186 1512 1261 Erotos,
1526 1187 1650 1249 tandem
1666 1205 1738 1251 eum
1754 1191 1948 1267 compulsum
1965 1188 2052 1254 luisse
2063 1193 2095 1255 ab
2169 1239 2170 1248 ,

333 1280 487 1337 stameuto
503 1275 597 1337 reteri
614 1276 830 1338 multosiibros
846 1277 978 1355 periisse
993 1276 1085 1337 docet
1107 1271 1201 1351 dhry-
1244 1269 1336 1331 Asiae
1353 1268 1517 1348 episeopis
1545 1269 1745 1349 lirangelium
1769 1273 1909 1333 seribere
1932 1278 2051 1350 propter
2063 1273 2094 1334 E·
2170 1315 2171 1338 ι

334 1363 492 1419 sustomus
508 1356 592 1419 hom.
607 1356 639 1419 o.
652 1356 684 1418 in
699 1357 804 1419 blattis.
820 1358 849 1417 in
865 1357 953 1429 iilud,
967 1357 1135 1419 Nazaraeos
1150 1368 1202 1415 vo·
1245 1349 1433 1413 bionitarum
1449 1351 1603 1413 baeresim
1621 1359 1694 1414 tuno
1709 1353 1910 1415 exorientem.
1927 1352 2033 1432 ltaque
2048 1354 2097 1416 uisi
2171 1413 2172 1424 ι

333 1438 465 1501 ouhltur:
484 1437 597 1512 diretta,
614 1436 772 1517 inquit,eoe
783 1438 982 1517 Prophetiea’e
995 1437 1122 1516 pertore
1134 1450 1203 1496 rrro·
1246 1430 1376 1495 litionis
1389 1432 1530 1495 haeresis
1550 1433 1729 1510 exstitisset,
1757 1433 1885 1495 ioannis
1910 1432 2096 1513 Eraogeiiun

333 1519 512 1591 momentis,
528 1518 618 1597 quod
632 1520 674 1581 de
689 1518 827 1584 historio
839 1520 1118 1599 Paralipomenon
1126 1532 1203 1595 pro·
1246 1512 1378 1577 tortasse
1393 1529 1455 1575 uon
1471 1514 1670 1589 haberemus,
1687 1516 1951 1594 quemadmodum
1977 1531 2032 1577 nee
2051 1518 2099 1579 alia

334 1600 413 1663 bure
427 1600 577 1680 possibile
593 1604 648 1662 ret.
664 1601 795 1665 besides
807 1604 896 1666 ena'm
911 1618 986 1664 eune
1014 1604 1118 1662 essent
1145 1598 1203 1660 Ju·
1249 1596 1317 1668 tria,
1333 1594 1393 1657 nisi
1411 1597 1588 1673 praedictae
1607 1600 1791 1660 ooeasioues
1818 1598 1941 1661 obtatae
1967 1596 2097 1660 luissent.

336 1681 765 1757 duedneodrsidosmodo,
789 1684 967 1747 seuctiani
995 1682 1102 1760 irrepit,
1134 1678 1205 1741 olio
1247 1676 1439 1739 Rueleeoim
1468 1677 1576 1739 scribit
1591 1676 1749 1741 Eusebius
1779 1679 1848 1741 ioco
1874 1683 1991 1753 notato,
2013 1679 2101 1740 solum
2174 1701 2175 1706 ¹

331 1763 917 1843 quidemperdideruntnopiipeuior,
936 1765 1006 1827 uilo
1030 1760 1105 1825 uero
1135 1766 1203 1823 tum
1248 1757 1329 1820 duos
1344 1758 1727 1836 erlpostolisduodeeim
1744 1760 1949 1841 evangelium
1973 1759 2102 1839 seripsie
2175 1799 2176 1822 ι

332 1842 564 1918 trecentorum,
579 1850 648 1906 tum
663 1848 889 1910 coneideruut.
906 1846 989 1909 idom
1005 1845 1095 1907 docet
1116 1844 1202 1907 honr.
1247 1854 1309 1914 se,
1339 1848 1371 1902 et
1398 1854 1455 1903 eos
1481 1842 1668 1905 necessitate
1695 1843 1829 1921 quadam
1855 1842 1894 1905 ud
1917 1841 1979 1903 hoe
2006 1858 2101 1922 prore
2176 1895 2177 1918 ,

331 1924 362 1987 i.
380 1926 411 1985 in
428 1926 564 2003 priorem
593 1926 630 1988 ad
647 1924 717 1988 Cor.
741 1944 846 2005 noque
874 1926 1058 2007 responderi
1088 1932 1202 2004 potest,
1248 1926 1346 1983 ouius.
2177 1991 2178 2004 ,

329 2006 382 2067 iiia
398 2004 501 2069 omnia
518 2020 598 2085 quse
613 2007 769 2086 perierant
793 2010 891 2073 luisse
917 2014 1055 2087 reparata
1081 2022 1138 2087 per
1166 2007 1203 2069 Ε·
1289 2002 1403 2081 Exque
1425 2002 1591 2066 manifeste
1606 2003 1773 2083 colligitur,
1799 2003 1965 2084 Apostolos
1988 2012 2049 2067 nou
2068 2005 2102 2068 de

332 2086 449 2150 sdram:
466 2103 537 2150 uam
554 2086 792 2169 chrysostomus
807 2092 869 2153 ruit
884 2091 1028 2170 probare,
1045 2106 1129 2151 nune
1140 2104 1205 2151 non
1248 2083 1427 2158 scribendo,
1443 2086 1500 2147 sed
1516 2085 1776 2163 depraedicando
1792 2086 1958 2166 brarngelio
1970 2086 2103 2165 primaria
2178 2089 2179 2092 ’

334 2168 439 2232 omnia
466 2176 568 2231 extare
589 2170 729 2233 tuticiuia
758 2171 992 2252 Prophetarum,
1023 2176 1054 2234 et
1081 2170 1203 2251 probat,
1252 2165 1425 2228 intentione
1439 2166 1605 2245 rogitasse.
1623 2166 1825 2240 Praetereasi
1837 2168 2010 2231 doetriuam
2025 2184 2104 2231 suam

334 2250 528 2329 quintuplum
546 2251 639 2312 multa
652 2251 833 2317 amiserunt,
966 2266 974 2273 ·
1248 2246 1346 2309 literis
1362 2248 1546 2327 consignare
1562 2265 1599 2309 ex
1614 2250 1757 2325 prolosso
1771 2252 1953 2323 noluissent,
1971 2255 2106 2311 eartera-
2180 2315 2181 2318 ,

374 2330 534 2394 Praeterea
549 2332 660 2394 b'sdras
673 2348 734 2395 nou
749 2333 901 2413 repararit
918 2333 1016 2397 libros
1037 2331 1203 2413 perditos,
1249 2329 1447 2404 molismum,
1464 2336 1516 2391 aut
1543 2331 1679 2393 similem
1700 2331 1813 2393 librum
1840 2332 2060 2393 eonteoisseut.
2075 2334 2108 2393 u

336 2410 393 2474 sed
410 2412 584 2475 emendarit
598 2418 629 2475 et
644 2414 770 2495 collegit
785 2416 905 2496 eosqui
928 2415 1089 2479 exstabunt
1103 2414 1131 2477 ι.
1150 2416 1205 2476 Pa·
1249 2409 1309 2489 ipsi
1326 2411 1374 2471 rel
1390 2410 1549 2473 historiam
1564 2412 1767 2489 seripserunt,
1782 2418 1815 2475 ul
1834 2413 2108 2490 strangules-menet

336 2492 427 2571 ruiip.
444 2494 514 2557 ult:
537 2494 629 2557 desta
643 2502 752 2559 nutem
763 2496 880 2572 Dauid,
896 2497 1008 2577 inquit,
1023 2498 1150 2575 priora,
1175 2501 1204 2558 et
1249 2490 1398 2570 epistolas
1413 2509 1449 2553 er
1466 2493 1632 2554 oeeasione
1648 2494 1762 2569 aliqua,
1779 2500 1813 2556 ut
1838 2495 1958 2567 Petrus.
1988 2494 2107 2566 Paulus,

335 2576 526 2648 nouissimo,
541 2577 888 2654 seriptusuutintibro
905 2578 1066 2641 Sontuetie
1092 2578 1206 2641 Viden·
1247 2572 1508 2649 Juoobus,iudas,
1524 2573 1670 2649 ioannes,
1688 2582 1718 2637 et
1731 2574 1772 2655 lin
1800 2575 1839 2639 iis
1868 2574 1995 2637 uorrnisi
2017 2573 2111 2639 oiiter
2183 2571 2185 2588 '

338 2656 377 2717 tie
393 2662 421 2717 et
435 2658 472 2719 iu
487 2656 567 2717 libro
583 2658 712 2721 buthan
722 2660 913 2738 Prophetae,
930 2664 1027 2739 utpute
1051 2662 1090 2722 in
1112 2660 1205 2723 uolu-
1248 2656 1476 2734 disputationes
1498 2656 1538 2717 de
1561 2656 1758 2735 dogmatibus
1781 2663 1996 2719 tractaverunt.
2024 2657 2110 2719 brui·
2184 2667 2186 2696 1

335 2735 425 2799 mine
442 2737 511 2799 aaa
530 2738 682 2814 videntis,
696 2740 731 2802 ut
746 2741 777 2801 2.
793 2742 926 2820 Paralip.
941 2741 973 2803 u.
990 2742 1130 2821 Italique
1143 2756 1204 2805 uu·
1251 2752 1324 2816 que,
1342 2738 1388 2799 rei
1403 2736 1518 2815 singuli
1532 2737 1671 2815 Apostoli
1684 2739 1859 2800 edidissent
1880 2740 2026 2817 seriptum
2043 2738 2111 2800 doo-

337 2822 400 2880 rem
414 2833 516 2897 opera
530 2818 715 2885 Salomonis
725 2822 848 2900 sarepta
861 2829 939 2887 suge
962 2824 1000 2886 ιη
1013 2824 1118 2887 pgrppg
1143 2825 1206 2889 Na.
1251 2819 1360 2881 trinam
1376 2818 1603 2897 Euangeiieam
1619 2820 1816 2899 eumsiuguii
1833 2821 1985 2883 haberent
2009 2836 2111 2882 euram

336 2898 417 2963 than
431 2898 622 2978 Prophetae,
639 2904 717 2965 etin
732 2902 823 2966 libris
838 2903 917 2981 djae
934 2903 1093 2977 sttouttte.
1109 2907 1206 2971 o'nm‘·
1251 2899 1383 2979 alieujus
1400 2899 1588 2979 provinciae,
1606 2902 1653 2962 rel
1674 2907 1759 2963 eerte
1785 2918 1895 2965 omnes
1920 2901 2015 2964 simui
2044 2917 2114 2963 eon·

335 2982 428 3043 sione
442 2996 572 3062 quoque
586 2984 675 3045 Addo
696 2986 847 3048 ridentis.
879 2986 914 3046 ut
938 2985 995 3049 ιιι).
1025 2986 1056 3050 3.
1078 2988 1155 3068 [tog.
1171 2988 1204 3053 ι,
1251 2980 1381 3061 gregali,
1398 2986 1563 3060 antequam
1589 2981 1813 3057 discederent,
1841 2985 1871 3044 iu
1898 3000 1972 3045 suas
1995 2983 2114 3063 proriu·
2188 3061 2189 3064 Ἴ

335 3061 502 3141 Loquetur
517 3070 562 3125 est
573 3062 729 3129 Salomon
740 3067 806 3129 trio
829 3066 937 3129 milita
961 3068 1152 3144 parabolus,
1176 3076 1208 3133 et
1251 3064 1525 3126 oiaseommunem
1540 3064 1676 3142 aliquem
1692 3063 1807 3125 librum
1822 3064 2011 3140 edidissent,
2035 3064 2115 3126 sieut

332 3141 634 3219 fueruntoormiuo
659 3146 729 3226 ejus
755 3148 902 3228 quinque
925 3148 1044 3211 millio.
1073 3148 1206 3214 Ubinam
1251 3150 1372 3208 onustat
1386 3160 1443 3207 eus
1457 3146 1663 3206 eorrimunitor
1678 3144 1859 3225 Symbolum
1871 3146 1959 3209 Fidei
1990 3162 2114 3223 eompo·
2189 3149 2191 3198 l

334 3230 408 3286 sunt
423 3226 500 3287 haee
513 3226 632 3287 omnio?
645 3226 688 3288 ils
712 3228 909 3291 testamento
934 3244 1014 3291 noro
1043 3231 1206 3309 probabile
1251 3227 1366 3300 suisset,
1379 3225 1462 3305 quod
1479 3231 1580 3287 tamen
1597 3242 1660 3289 non
1676 3226 1880 3305 seripserunt,
1895 3227 1952 3290 sed
1967 3227 2035 3289 rira
2051 3233 2116 3288 tau·
2190 3245 2192 3266 ν

334 3310 385 3367 est
399 3305 533 3384 periisse
544 3307 706 3384 epistolam
723 3309 807 3371 Pauli
822 3310 860 3372 ad
877 3310 1097 3385 baodieeuses,
1114 3312 1206 3393 euJ'us
1252 3314 1316 3370 tum
1332 3324 1407 3370 rooe
1423 3306 1677 3379 tradiderunt,.ut
1691 3307 1805 3371 doeent
1830 3308 1863 3371 b.
1886 3309 2038 3371 Irenaeus
2060 3308 2114 3371 lib.

333 3386 747 3467 ipsememiuitoliquorum
776 3390 924 3469 opinione
951 3390 1055 3455 dolos.
1086 3394 1143 3457 ult.
1174 3401 1207 3459 ιι
1251 3389 1282 3465 3,
1300 3406 1369 3467 cup·
1391 3388 1471 3452 Η).
1502 3388 1709 3467 Hieronymus
1738 3388 1768 3450 in
1788 3391 1881 3469 epist.
1910 3392 1949 3453 ad
1975 3390 2111 3451 Pamma·
2192 3439 2193 3442 ,

334 3468 404 3531 sine
419 3466 514 3529 dubio
530 3467 619 3531 uliam
636 3470 1062 3551 addorintl1.oujusmentio
1081 3473 1146 3538 lieri
1162 3477 1206 3539 ri·
1251 3473 1303 3533 eh.
1333 3478 1418 3532 uuirt.
1448 3486 1546 3531 error.
1557 3470 1607 3532 lo.
1624 3470 1831 3551 iherosolym.
1847 3478 1880 3534 et
1907 3472 1941 3534 b.
1968 3471 2115 3551 bugasti·

336 3547 428 3611 detur
445 3548 473 3609 ι.
491 3549 561 3612 (ior.
577 3549 608 3611 5.
626 3550 729 3615 inillis
745 3553 847 3617 uerbis
863 3554 987 3632 scripse
1000 3554 1090 3620 uubis
1119 3558 1159 3620 tn
1174 3574 1206 3621 e·
1254 3570 1314 3615 nus
1329 3552 1385 3613 lib.
1398 3553 1438 3613 de
1453 3550 1514 3613 ilde
1530 3558 1561 3613 et
1574 3568 1662 3630 oper.
1676 3569 1746 3630 oap.
1767 3553 1798 3615 o.
1825 3553 1858 3616 b.
1886 3553 2071 3616 Ambrosius
2085 3568 2116 3615 e·

332 3629 467 3709 pistoiu:
485 3629 733 3712 etiaeilepotest
749 3634 1052 3715 testudinemque
1074 3637 1132 3699 ulia
1149 3656 1202 3717 pe·
1248 3635 1322 3714 pist.
1345 3632 1448 3695 8t.ad
1470 3633 1635 3711 Syrioium,
1660 3632 1692 3694 b.
1714 3633 1777 3695 Leo
1800 3635 1891 3713 epist.
1916 3634 1968 3697 ι3.
1990 3642 2030 3696 ml
2046 3634 2115 3696 Pul·

333 3710 438 3774 riisse.
456 3711 592 3774 Viderint
618 3728 693 3793 ergo
721 3716 891 3795 haeretiei,
919 3717 1003 3782 uude
1031 3719 1204 3784 resarcient
1248 3716 1409 3788 obertum,
1445 3714 1585 3777 bobinus
1619 3720 1651 3777 et
1681 3715 1715 3777 b.
1737 3715 1887 3780 dioximus
1919 3717 1954 3779 iu
1980 3716 2114 3797 exposit.

332 3795 394 3854 tam
409 3791 564 3872 insignem
580 3793 747 3859 deiectum.
1247 3796 1351 3879 symb.

374 3872 683 3953 Seeund0,probatur
696 3878 756 3941 hoe
770 3878 853 3943 idem
869 3895 907 3942 ex
921 3879 1203 3961 discrimine,quod
1287 3878 1434 3957 probatur
1445 3876 1536 3940 lertio
1550 3892 1589 3940 ex
1603 3876 1803 3958 multisonas
1818 3877 1953 3959 ignomri
1965 3892 2030 3942 nou
2043 3894 2116 3960 pos·

334 3958 384 4016 est
398 3955 479 4017 iuter
490 3954 763 4035 praedicationem,
781 3966 812 4023 et
826 3961 1015 4039 Seripluram
1038 3963 1201 4042 Apostolo·
1246 3965 1331 4035 uurrt,
1348 3965 1379 4022 et
1393 3965 1494 4022 tamen
1510 3959 1542 4022 in
1558 3958 1724 4039 seripturis
1747 3978 1808 4024 uon
1838 3961 2051 4024 eontinentur.
2075 3962 2116 4023 ιιι

333 4049 415 4097 rum.
431 4034 505 4098 Nam
522 4036 548 4099 si
565 4034 726 4101 Christoet
741 4040 896 4119 bpostoiis
922 4043 1032 4107 luisset
1059 4046 1202 4124 proposi·
1247 4044 1395 4121 primum,
1409 4046 1549 4119 tompore
1567 4041 1756 4103 Testamenti
1782 4044 1895 4105 veleris
1924 4042 1994 4105 siue
2019 4041 2116 4105 dubio

336 4120 399 4176 lum
429 4116 557 4179 verbum
582 4118 638 4182 bei
660 4124 836 4186 coarctandi
865 4129 896 4187 et
923 4126 1133 4204 restringendi
1162 4128 1201 4190 ad
1253 4139 1317 4186 nou
1332 4122 1714 4201 minusloemiuoe,quam
1730 4120 1975 4188 riri'remedium
1990 4124 2117 4203 aliquod

332 4194 533 4276 Soripluram3
549 4198 580 4261 in
596 4200 704 4279 primis
716 4219 781 4266 rem
795 4206 868 4267 tanti
884 4208 1032 4269 momenti
1058 4207 1199 4271 Christus
1248 4204 1418 4278 habebant,
1435 4220 1497 4281 quo
1512 4221 1529 4267 a
1545 4209 1674 4283 peceato
1689 4204 1831 4285 originali
1854 4212 2072 4285 purgarentur3
2085 4213 2117 4268 et

333 4282 439 4355 aperte
455 4280 679 4358 praecepisset,
695 4290 727 4345 et
740 4284 878 4363 Apostoli
905 4287 1019 4350 alieubi
1049 4293 1198 4352 testaren-
1247 4292 1348 4347 tamen
1363 4300 1419 4364 pro
1434 4288 1581 4348 masculis
1596 4285 1734 4348 instituta
1760 4292 1826 4349 erat
1853 4287 2051 4351 eircumoisio
2066 4304 2117 4349 se·

329 4360 435 4432 tur,se
450 4358 621 4453 extbomini
634 4363 1214 4445 mandatoseribere,quemadmodum·
1247 4366 1385 4429 eundum
1399 4366 1565 4429 multorum
1581 4367 1772 4447 opinionem,
1801 4367 1876 4448 quid
1903 4376 2007 4431 autem
2028 4374 2115 4432 esset

324 4452 370 4499 ιιι
381 4439 502 4501 llomrm
518 4441 663 4533 mandato
685 4442 716 4506 iu
731 4450 794 4509 toto
809 4448 884 4511 orbe
900 4447 1085 4511 docuerunt:
1113 4455 1143 4511 at
1165 4452 1198 4514 id
1248 4463 1304 4531 pro
1319 4447 1475 4523 loemiuis,
1492 4465 1643 4527 nusquam
1660 4449 1753 4511 babet
1767 4449 1936 4529 Scriptura.

331 4532 484 4598 nusquam
498 4520 643 4599 legumus.
657 4522 788 4602 Deinde,
815 4528 852 4590 ad
870 4529 1111 4608 praedicandum
1132 4532 1199 4595 rira
1290 4529 1420 4606 lleiude,
1437 4530 1548 4593 eodem
1564 4536 1703 4607 tempore
1719 4546 1780 4591 non
1796 4537 1845 4593 est
1858 4532 1924 4593 uilo
1939 4530 2031 4594 modo
2044 4546 2112 4594 ere·

329 4614 406 4662 rooe
421 4616 483 4662 non
506 4608 708 4680 expectarent
731 4606 872 4685 Apostoli
899 4610 1032 4673 oblatam
1060 4612 1197 4676 oeeasio·
1244 4609 1428 4686 dibilo,nou
1444 4610 1542 4674 luisse
1557 4612 1731 4673 remedium
1753 4611 1851 4675 ulium
1877 4628 1933 4691 pro
1962 4612 2111 4675 maseulis

327 4682 481 4776 periuret¹
491 4685 721 4763 necessilatem,
737 4688 793 4750 sed
809 4694 921 4767 sponte
943 4708 1010 4765 sua,
1029 4698 1059 4755 ιι
1074 4708 1112 4755 ιιι
1126 4710 1197 4773 pro·
1247 4691 1451 4755 morientibus
1466 4697 1537 4755 aute
1552 4696 1693 4754 oetarum
1704 4693 1799 4768 diem,
1809 4709 1870 4772 quo
1885 4694 1954 4756 solo
1968 4700 2111 4773 poterant

326 4775 395 4857 prro
411 4768 550 4857 instituto
564 4773 779 4845 perrexerunt:
795 4772 873 4832 atad
889 4771 1090 4836 scribendum
1119 4791 1195 4838 non·
1245 4774 1449 4852 eiroumeidi,
1476 4780 1508 4839 et
1533 4779 1635 4837 tamen
1665 4773 1743 4836 nihii
1759 4781 1857 4841 exstat
1881 4776 1921 4839 de
1935 4774 1994 4838 bae
2017 4790 2053 4839 re
2078 4775 2110 4837 iu

327 4848 845 4935 ursrueoessrtaloquadamteoaeli
871 4852 1009 4915 animum
1034 4856 1198 4936 applieue·
1244 4854 1412 4934 Scriptura.

328 4929 412 4984 reel-
1287 4935 1401 5012 Terbo,
1417 4936 1552 5015 gentilos
1568 4935 1657 4999 multi
1671 4934 1782 4999 salvari
1796 4940 1951 5016 poterant,
1968 4941 2000 4999 et
2012 4936 2110 5000 satra·

368 5002 566 5099 blotthaeum,
584 5006 693 5101 seribit
706 5009 823 5075 Euseb.
850 5012 906 5077 lib.
923 5012 954 5077 3.
967 5014 1042 5079 bist.
1057 5031 1125 5097 oop.
1141 5018 1194 5083 ιι.
1242 5015 1355 5079 bantur
1368 5022 1510 5097 tempore
1521 5018 1710 5081 Testamenti
1723 5018 1847 5092 ueteris,
1864 5024 1895 5079 et
1909 5034 1981 5081 rere
2000 5018 2040 5080 ad
2054 5019 2111 5081 ite·

326 5084 377 5179 rel
391 5100 420 5148 o.
439 5084 488 5148 le.
505 5103 536 5148 m
552 5088 611 5181 aba
623 5089 771 5168 editione,
786 5110 821 5156 ea
834 5095 1000 5159 ooeasione
1015 5098 1194 5179 sumpsisse,
1242 5097 1369 5161 elesiam
1381 5098 1590 5178 pertinebant,
1607 5104 1744 5177 utsupra
1772 5098 1980 5177 ostendimus3
2007 5104 2040 5162 ot
2067 5106 2110 5161 ta·

325 5182 396 5244 quta
408 5182 479 5229 eum
494 5168 706 5264 praedicasset
719 5173 881 5251 Hebraeis,
908 5182 940 5240 et
958 5178 995 5240 ad
1019 5178 1195 5245 Gentesire
1240 5194 1314 5241 rnen
1329 5180 1407 5241 nihil
1423 5180 1720 5258 prorsusdeoorum
1740 5178 1963 5259 justificatione
1991 5197 2009 5242 a
2036 5196 2110 5260 pee-

324 5253 457 5324 peraret,
473 5249 550 5344 utile
569 5250 730 5330 puduerit,
761 5256 787 5317 si
803 5256 854 5328 iis,
885 5272 965 5335 quos
988 5274 1117 5338 empore
1140 5262 1194 5325 de·
1241 5265 1309 5322 oato
1324 5259 1479 5340 originali,
1495 5260 1628 5340 aliisque
1653 5261 1791 5341 peoeatis
1816 5260 1849 5323 iu
1875 5260 2035 5341 Soriptura
2058 5264 2111 5325 ha·

322 5327 585 5423 serebatabquod
597 5334 778 5399 memoriale
794 5335 954 5401 doetrinae
969 5355 1045 5403 suae
1056 5346 1088 5405 et
1102 5357 1191 5421 prae·
1239 5340 1343 5403 betur.

320 5406 489 5503 durationis
502 5412 704 5493 relinqueret.
717 5416 962 5494 llareum,reiert
976 5421 1058 5485 idem
1074 5422 1190 5486 Euseb.
1278 5420 1403 5496 Quarto,
1419 5435 1551 5486 neeesse
1566 5436 1584 5484 e
1603 5426 1859 5495 taosse,erstore
1874 5422 1970 5485 libros
1985 5422 2107 5502 aliquos

321 5485 378 5549 bb.
391 5487 423 5552 2.
436 5489 510 5551 hist.
527 5508 596 5571 eap.
613 5493 663 5559 lt.
680 5510 739 5559 nee
754 5504 865 5578 sponte
879 5516 946 5575 sua,
973 5517 1034 5566 nee
1058 5520 1075 5565 u
1101 5503 1190 5568 Petro
1238 5518 1311 5566 rere
1325 5501 1459 5577 divinos,
1475 5503 1559 5583 quod
1574 5438 1660 5582 ῖιιιι
1676 5504 1761 5566 nulio
1777 5504 1869 5567 modo
1884 5519 1922 5567 ex
1937 5504 2106 5583 seripturis
2138 5504 2165 5567 ..2

324 5565 338 5645 (
353 5567 445 5661 euius
460 5569 634 5665 discipulus
649 5577 740 5658 erat)
757 5580 888 5659 jussum,
915 5582 971 5646 sed
995 5586 1191 5663 compulsum
1237 5584 1345 5647 haberi
1361 5589 1475 5664 potest.
1489 5583 1563 5647 Nam
1574 5585 1696 5648 etiamsi
1714 5584 1872 5664 seriptum
1897 5586 1990 5661 dieat,
2006 5585 2105 5649 libros
2163 5617 2169 5635 ι

262 5718 264 5723 ,
323 5649 473 5743 preerbus
487 5651 694 5718 Romanorum
709 5660 875 5740 scripsisse
896 5662 1109 5745 Euangeiium.
1133 5666 1191 5729 Lu·
1238 5664 1472 5745 Prophetarum,
1490 5672 1521 5728 et
1535 5667 1750 5746 Apostolorum
1765 5680 1837 5729 esso
1850 5664 1985 5743 divinos,
2000 5672 2105 5729 tamen

323 5744 404 5822 earn,
422 5731 505 5794 ulem
522 5732 638 5827 Euseb3
654 5739 745 5802 trudit
758 5740 814 5805 lib.
845 5742 876 5805 3.
907 5744 1016 5809 histor.
1040 5762 1109 5825 eop.
1136 5746 1189 5810 et.
1237 5760 1301 5807 nou
1316 5752 1400 5809 oerto
1415 5747 1446 5810 id
1462 5747 1597 5823 oredem,
1614 5747 1674 5808 nisi
1691 5748 1779 5824 prius
1790 5746 1966 5821 eredidero,
1998 5745 2104 5826 Serip-

321 5809 394 5872 rdeo
408 5811 510 5875 solum
526 5828 705 5909 scripsisse,
728 5822 798 5899 quia
828 5823 946 5889 uiderat
971 5828 1085 5890 multos
1114 5828 1191 5891 aiios
1239 5831 1350 5903 turam,
1367 5843 1446 5907 quae
1461 5829 1521 5890 hoo
1536 5827 1621 5903 dioit,
1648 5841 1721 5890 esse
1746 5826 1904 5891 diuinam.
1924 5827 1999 5891 Nam
2014 5828 2108 5891 etiam

322 5896 438 5953 temere
467 5908 717 5976 praesumpsisse
742 5914 777 5963 ιι
804 5903 902 5969 literis
930 5908 1096 5985 mandore,
1113 5923 1193 5989 quae
1238 5906 1434 5973 iulleorauo
1448 5908 1615 5973 biabumeti
1630 5906 1746 5988 passim
1762 5907 1923 5987 legimus,
1947 5910 2059 5990 ipsum
2074 5908 2112 5971 hl
