4792 7009
473 748 527 813 att
988 704 993 712 ⁴
1117 754 1161 811 or
1180 750 1320 817 tedam
1340 751 1515 819 amorum

404 901 467 953 noo
483 888 646 969 plenorum
657 882 952 966 driiiinta‘andomm
964 886 1091 952 redisse
1114 887 1271 953 uitudboo
1315 887 1358 957 ad
1372 887 1463 957 itali.
1479 884 1717 957 dnadtsvurtds
1730 882 2184 967 iraditcbristumpraedicas·
2207 920 2208 941 i

399 971 987 1053 personuit,eutmzmp'psetesmerut
998 971 1272 1051 mdpteuuuuai
1315 987 1352 1037 so
1367 971 1466 1037 tribas
1478 972 1580 1041 anuis:
1596 970 1679 1051 quod
1694 970 1880 1053 quidemud
1902 970 2057 1114 liduiduru
2081 984 2185 1031 rmum

401 1064 569 1137 arduorum
592 1054 738 1132 aspectu
754 1053 897 1135 lienique
911 1059 1071 1118 cantuari.
1086 1052 1274 1124 ll.Gooeilii
1315 1070 1380 1117 noo
1395 1058 1685 1128 est‚cl‚1meonstet‚
1700 1054 1806 1132 ipsum
1833 1060 1904 1135 post
1947 1052 2065 1115 lidiae
2097 1053 2184 1113 aba·

401 1136 613 1216 antiquissimi
621 1152 700 1199 ueae
706 1137 919 1212 cesariemubi
931 1136 1134 1217 proilibentur
1145 1136 1272 1215 prusbp
1317 1136 1624 1217 ptismopraedieare
1638 1136 1828 1215 coepissent
1838 1137 1877 1199 ad
1890 1136 2075 1215 passionem
2089 1150 2185 1213 usquc

401 1221 461 1281 teri
475 1220 610 1281 landoari
626 1225 698 1280 ante
717 1219 1030 1297 trigesimumuetatis
1045 1234 1171 1286 annum.
1201 1218 1273 1297 quia
1315 1218 1613 1298 .pruedieaase,uuod
1624 1225 1671 1281 est
1684 1225 1803 1297 tempus
1814 1220 1906 1283 trium
1917 1224 2124 1291 annorum,et
2134 1220 2182 1277 ali·

402 1302 549 1365 ‘cluristus
563 1315 644 1363 anno
662 1301 714 1363 30.
744 1300 915 1378 baptisatus
929 1306 1010 1378 est,
1038 1307 1070 1365 ot
1094 1300 1273 1380 praedicare
1316 1309 1431 1381 quanto
1446 1303 1591 1379 amplius,
1608 1308 1641 1371 ut
1656 1318 1694 1373 er
1705 1318 1835 1367 numero
1851 1306 2033 1383 pascuatam
2049 1302 2185 1363 ostendi·

405 1384 522 1462 eoepit:
539 1399 634 1463 qoem
652 1399 804 1446 canonem
818 1385 1054 1464 intelligendum
1068 1400 1141 1447 esse
1165 1384 1206 1445 do
1223 1384 1272 1445 tri·
1316 1400 1398 1451 taos.
1415 1384 1477 1451 Sed
1488 1384 1627 1464 lgnatius
1642 1386 1723 1447 sieut
1734 1402 1806 1453 eum
1819 1386 1877 1461 ait„
1900 1384 2060 1451 'Christum
2090 1383 2185 1461 bapti·

404 1470 529 1548 gesimo
542 1482 626 1527 anuo
640 1466 788 1539 ineboaio
799 1482 861 1529 non
875 1466 915 1530 de
926 1465 1092 1547 completo,
1103 1472 1139 1532 at
1152 1465 1274 1531 totalla-
1316 1473 1415 1533 talum
1429 1482 1501 1531 eum
1515 1468 1671 1546 explesset
1688 1474 1749 1529 tres
1762 1468 1898 1534 decades
1913 1466 2184 1538 annorumomlsit

408 1550 454 1611 xit
466 1548 613 1611 llurtiuus
629 1548 845 1612 braccarensis
869 1550 902 1613 io
917 1549 1045 1613 collect.
1071 1564 1140 1613 eun.
1162 1547 1272 1611 draeo.
1317 1547 1463 1619 minutias
1477 1565 1557 1629 quae
1572 1549 1699 1616 deerant
1714 1550 1827 1613 adires
1854 1550 1987 1617 decades
2016 1546 2185 1611 conliden-

404 1648 480 1694 eun.
496 1631 550 1693 20.
567 1630 642 1692 satis
655 1640 761 1711 aperta
775 1632 866 1695 docet
879 1632 924 1695 uir
937 1633 1135 1712 pmsisstmus
1156 1646 1184 1694 s.
1201 1630 1272 1696 Hio-
1318 1631 1385 1707 das3
1400 1630 1678 1707 incommedum
1694 1630 1890 1715 praedicasse
1904 1634 2003 1695 tribus
2032 1630 2140 1701 annis,
2156 1647 2184 1691 o·

408 1714 580 1791 roopnnin
597 1713 690 1792 epist.
706 1716 744 1776 ad
758 1714 1102 1797 lbeoplrplomadrers.
1129 1713 1181 1778 lo.
1206 1714 1274 1777 bie·
1317 1712 1849 1796 misitmioutiustumpcrumapuae
1874 1718 2071 1795 supererant.
2090 1712 2185 1775 Euse-

403 1797 523 1859 ausula
539 1796 594 1856 noi
620 1796 745 1874 probat·
766 1796 892 1861 tratrem
919 1814 1010 1861 soom
1034 1797 1170 1876 legitima
1194 1802 1275 1862 aota-
1316 1794 1431 1875 biusin
1446 1798 1501 1861 lib.
1517 1796 1549 1859 8.
1566 1798 1605 1877 de
1620 1798 1790 1861 demonstr.
1806 1788 2111 1877 evangtdemoostr.
2127 1794 2187 1861 2.et

405 1886 445 1941 te
459 1879 672 1958 presbyterum
688 1880 873 1954 ordinatum,
890 1882 960 1961 quia
974 1881 1013 1943 ad
1028 1880 1152 1960 triginta
1173 1893 1274 1943 naono
1317 1874 1719 1959 decederedecedera.
1735 1879 1908 1955 dimicant,
1925 1880 2081 1945 christum
2098 1895 2184 1956 prae·

404 1978 483 2025 root
496 1964 593 2038 spatia
604 1962 670 2041 jam
684 1961 876 2041 pervenerat.
891 1964 988 2027 Docet
1001 1963 1093 2026 aliurn
1106 1961 1273 2026 :Ecclesiae
1317 1961 1439 2025 dieasse
1453 1963 1553 2029 tribus
1577 1962 1668 2025 anuis
1682 1976 1755 2031 edm
1768 1962 1897 2027 dimidio
1916 1981 1924 2040 ;
1950 1962 2034 2041 quod
2061 1960 2186 2039 quiden

402 2048 619 2119 consuetudo,
637 2061 719 2125 quae
730 2062 801 2107 eum
814 2046 1003 2111 rorouarerit
1024 2060 1138 2118 anuum
1151 2042 1272 2125 trigesi-
1319 2044 1460 2123 praecise
1474 2046 1837 2127 nonestrerum,sedilii
1850 2061 1974 2125 quoque
1989 2060 2054 2114 non
2065 2043 2187 2107 luerunt

412 2144 498 2192 mum
527 2127 564 2189 ad
580 2127 931 2208 vigesimamquiotum‚
956 2134 1030 2191 tune
1042 2127 1160 2208 judicat
1175 2125 1275 2191 booti-
1318 2126 1489 2195 sollicitido
1504 2127 1642 2191 mitiadis
1659 2134 1884 2207 temperarent
1897 2126 2026 2191 tortasse
2044 2142 2184 2195 nurnero·
2207 2138 2208 2153 ¹

412 2226 487 2273 uem
502 2211 648 2272 idoneum
659 2212 863 2291 presbyterio,
877 2210 990 2287 'comis
1015 2211 1148 2289 attigerit
1157 2224 1274 2273 annum
1317 2208 1846 2293 aemulandosabaptismousque
1874 2210 1913 2279 ad
1943 2210 2184 2277 assensionem:

404 2293 752 2373 rigosimumuuintum.
769 2293 876 2372 Neque
903 2292 954 2356 his
967 2297 1120 2372 repugnat
1140 2308 1168 2355 s.
1183 2290 1274 2372 Igna·
1317 2307 1389 2355 nam
1403 2306 1442 2355 eo
1456 2294 1548 2359 modo
1562 2298 1635 2358 suot
1655 2293 1721 2359 tera
1749 2299 1812 2371 tres
1840 2292 1914 2361 anai
1943 2309 2018 2366 eam
2047 2290 2183 2359 dimidio.

414 2376 489 2452 tius,
502 2376 557 2457 qui
571 2376 603 2437 iu
618 2378 710 2455 epist.
725 2377 764 2438 ud
790 2376 881 2439 lball.
904 2375 1023 2450 scribit,
1053 2374 1207 2442 tibristum
1222 2374 1275 2437 ba·
1319 2372 1606 2443 caeterumuuttus
1621 2382 1671 2439 est
1690 2374 1835 2449 Veterum
1851 2420 1866 2451 ‚1
1883 2374 1941 2454 qui
1964 2372 2184 2453 praedicationi

406 2459 559 2539 ptiraturu
573 2474 642 2523 eum
655 2457 1275 2537 explessettresanoorum'deeadasmee
1318 2454 1593 2541 carnulentiam
1616 2456 1775 2539 integrum
1795 2456 2053 2539 quadriennium
2075 2454 2139 2520 Sed
2153 2456 2184 2527 dc
2207 2510 2208 2531 ,

407 2558 445 2611 s.
460 2538 764 2622 to.ctrryscstcmus‚
781 2541 834 2621 poi
849 2542 934 2605 bom.
961 2538 1273 2608 ldioltattuascri·
1316 2538 1467 2609 mssatm
1870 2612 1874 2621 ,
2207 2540 2208 2623 l

413 2622 628 2700 btt,cortstum
642 2635 712 2703 post
725 2625 845 2705 triginta
861 2640 959 2693 annos
969 2624 1094 2687 venisse
1104 2622 1145 2687 ad
1157 2621 1274 2707 bsptis-
1343 2618 1347 2628 '
2207 2634 2208 2683 ξ

414 2721 512 2772 mum.
529 2707 603 2771 liam
619 2724 646 2778 s,
659 2706 796 2787 lgnatius
807 2707 880 2770 dicit
895 2712 957 2769 tres
972 2706 1108 2769 decades
1121 2718 1274 2771 annorum
1704 2760 1705 2767 ,
1907 2772 1910 2779 ,
1986 2702 2002 2775 ζ

405 2790 568 2869 impietas,
581 2789 653 2868 quia
663 2786 845 2870 persentiam
858 2789 974 2853 eratad
988 2789 1130 2852 altianum
1157 2802 1273 2851 oneum
1318 2834 1321 2841 >
1653 2780 1773 2862 CAPUT
1789 2782 1854 2855 tlt.
1920 2842 1931 2873 .-

409 2874 522 2936 ‘tertiae
533 2872 821 2950 decadismonuuta
834 2878 1015 2951 perventum
1025 2877 1111 2934 esset
1124 2869 1165 2933 ad
1177 2870 1274 2935 linem
1913 2920 1915 2925 .

411 2954 513 3017 ultimi
528 2955 662 3030 aoniasie
675 2955 758 3017 enim
773 2955 974 3035 intelligimus
986 2954 1064 3017 illud
1079 2954 1152 3017 bue.
1167 2953 1275 3022 belm
1318 3000 1322 3011 .
1421 2952 1683 3032 sotadeorum
1696 2954 1843 3039 prtiuqtae
1857 2956 2072 3033 αι’ριιιιιθιιιιι.
2207 3022 2208 3025 ,

406 3038 617 3100 consummati
642 3044 750 3101 essent
765 3038 833 3100 dies
848 3044 934 3114 ueto,
953 3035 1275 3101 utdmumeidacotar
1318 3094 1321 3103 ,
1619 3098 1621 3105 ,
1779 3102 1782 3111 ,
1919 3098 1921 3105 ⁴
2207 3038 2208 3097 i

413 3120 505 3193 Puer,
522 3122 687 3195 tdestpun
702 3127 827 3183 rentum
841 3126 926 3183 osset
939 3120 977 3182 ad
988 3119 1071 3191 diem
1085 3124 1226 3182 odorum
1239 3120 1273 3181 ln
1358 3117 1523 3185 rmsuasio
1537 3117 1625 3191 ¹tertia
1639 3120 1711 3183 talis
1721 3125 1781 3193 est.
1798 3116 1907 3183 Petrus
1931 3118 1993 3186 nora
2018 3116 2128 3197 potuit
2141 3133 2183 3177 re

404 3219 477 3281 -quo
491 3204 671 3266 circumradi
683 3204 816 3267 debebat
829 3203 918 3278 Puer,
932 3209 964 3266 et
975 3207 1034 3265 aut.
1046 3203 1079 3265 2.
1103 3216 1177 3268 natm
1187 3216 1274 3270 eom·
1318 3199 1386 3267 aire
1404 3202 1529 3273 lionaapu
1541 3218 1640 3281 usque
1655 3202 1820 3271 adalanum
1834 3202 1865 3269 9,.
1880 3200 1995 3269 Claudii
2015 3246 2023 3273 ,
2045 3206 2081 3259 ut
2095 3217 2182 3276 sumn
2207 3224 2208 3273 ς

404 3288 574 3365 plorantur
585 3286 1038 3360 diestenemstusddesacum
1049 3290 1173 3348 rentum
1188 3288 1273 3347 esset
1316 3284 1480 3363 probatam
1492 3284 1662 3355 episeopo
1685 3292 1843 3365 uepostea
1859 3278 2098 3369 re-oirapotuit:
2119 3299 2182 3343 naui
2207 3280 2208 3327 l

412 3369 864 3450 addiemquinquapesimom:
890 3374 1075 3431 oouautem
1089 3380 1176 3429 eum
1187 3372 1273 3431 esset
1318 3366 1476 3441 claudius,
1492 3366 1545 3444 qui
1558 3366 1653 3444 jussit
1662 3301 1810 3429 ¹Eudaeos
1825 3382 1863 3429 ex
1889 3366 1965 3431 urbe
1987 3364 2066 3445 pelli
2082 3412 2095 3439 ,,
2120 3366 2183 3426 siue

415 3452 589 3530 completus
603 3454 672 3514 dies
686 3451 971 3531 quinquagesimus.
988 3450 1041 3513 vel
1068 3451 1162 3512 utitur
1174 3448 1273 3529 ligura
1317 3449 1413 3515 dubio
1421 3448 1518 3528 jussit
1530 3448 1666 3517 etiamid
1680 3451 1791 3519 urbem
1798 3449 1981 3528 nonrecipi3
1995 3448 2096 3529 igitur
2109 3464 2183 3509 uuo-
2207 3442 2208 3493 t

414 3535 646 3607 intellectuum,
663 3549 746 3610 quae
754 3533 956 3612 scriptoribus
966 3532 1058 3595 etiam
1068 3532 1166 3595 saeris
1185 3531 1273 3598 iumi-
1316 3548 1409 3612 quam
1425 3533 1520 3595 uenit.
1841 3605 1845 3615 x
1922 3579 1930 3591 ,
2207 3500 2208 3563 ¹

415 3616 746 3679 liarisestzsieutenim
760 3616 868 3679 scribit
881 3617 1009 3679 sabucus
1023 3615 1272 3693 capacensem·
1360 3614 1420 3677 Sed
1432 3616 1498 3695 jam
1522 3613 1727 3690 ostendimus,
1752 3614 1878 3677 Petrum
1896 3630 1977 3675 tllllllt
2005 3612 2037 3679 a.
2067 3610 2185 3679 Claudii

405 3698 626 3771 'matosIuisso
639 3699 707 3762 dies
721 3705 802 3773 octo,
818 3714 892 3761 eom
915 3698 1116 3761 oi'raumeisus
1141 3702 1189 3759 ast
1212 3698 1271 3761 lio·
1316 3711 1380 3761 noo
1392 3698 1518 3759 reoissc
1540 3697 1675 3772 domam,
1692 3696 1950 3780 sedidtseessisse
1963 3696 2068 3764 Roma,
2089 3703 2123 3757 et
2138 3714 2185 3775 po·

416 3783 539 3855 minus,
556 3782 715 3860 ooo‘quod
729 3781 829 3861 plone
849 3782 964 3861 expleti
979 3778 1167 3843 assentatus
1187 3784 1269 3853 outo,
1316 3786 1381 3861 stea
1395 3786 1535 3857 tempore
1546 3780 1674 3843 llerouis
1686 3778 1830 3843 rediisse:
1855 3776 2028 3863 quodecim
2045 3784 2187 3855 ternpore
2207 3792 2208 3827 t

409 3866 472 3926 sed
497 3864 580 3943 quod
608 3880 714 3943 parum
742 3864 891 3927 abessent
906 3864 947 3925 ab
969 3864 1171 3941 expletione,
1198 3876 1273 3927 eom
1319 3862 1631 3941 lieronispolueruut
1656 3862 1772 3927 Romae
1794 3878 1866 3925 esse
1893 3860 2012 3941 ludaei,
2038 3867 2127 3938 putet
2156 3878 2188 3923 er

407 3947 475 4027 iarn
487 3945 1151 4027 octavos-diesagaretometquemadmodum
1160 3944 1272 4009 scribit
1320 3952 1383 4017 pet.
1396 3946 1455 4017 ult,
1471 3946 1523 4007 obi
1537 3944 1653 4008 Paulus
1671 3946 1783 4007 Rornae
1796 3942 1926 4025 ¹Iudaeis
1939 3942 2108 4023 praedicat.

415 4030 536 4109 llureus
550 4046 619 4109 cap.
630 4028 662 4091 8.
675 4036 746 4107 post
765 4035 830 4091 tres
842 4030 911 4092 dies
923 4025 1275 4093 Christomros'urreetu·
1360 4028 1522 4091 Persuasio
1547 4024 1664 4105 quarta.
1692 4027 1823 4101 Quaado
1847 4020 1961 4088 Paulus
1986 4024 2188 4103 reprehendit

415 4128 484 4174 rum
498 4110 605 4186 brisso,
622 4111 1100 4192 quietertiadieresurreeturus
1125 4115 1200 4186 erut,
1228 4109 1276 4173 sie
1319 4109 1443 4173 Petrum
1468 4109 1660 4187 Antioohiae,
1682 4108 1747 4191 Gai,
1762 4110 1794 4171 2.
1811 4118 1876 4171 erat
1892 4114 2050 4189 peractum
2078 4106 2188 4169 (louei-

406 4194 509 4257 .etiam
525 4196 634 4258 scribit
648 4212 675 4257 s.
692 4194 841 4275 [paudus
854 4193 1010 4258 Christum
1030 4193 1173 4273 baptismi
1198 4197 1275 4255 tem
1320 4193 1406 4255 lium.
1423 4194 1749 4273 hierosolymitanum
1786 4200 1816 4255 et
1831 4198 1932 4255 tamen
1963 4192 2063 4277 adbuc
2080 4189 2191 4251 Petrus

415 4292 493 4357 pore
508 4278 713 4358 complevisse
727 4283 792 4340 tres
805 4277 940 4340 decades
951 4292 1116 4348 annonam
1131 4274 1201 4354 quia
1216 4281 1276 4339 mm
1321 4290 1385 4338 noo
1416 4274 1511 4339 iterat
1533 4271 1672 4342 nouam
1712 4276 1925 4355 liespoodeo:
1955 4272 2050 4337 iterat
2078 4280 2111 4335 et
2147 4289 2192 4335 re-

407 4359 523 4440 patum
538 4360 671 4423 uberate
684 4360 747 4423 lino
761 4360 853 4422 trium
866 4359 1079 4430 decadum-ut
1089 4358 1155 4438 juta
1168 4357 1276 4420 tertiae
1315 4359 1430 4425 dierat.
1451 4412 1454 4428 ‚
1577 4428 1580 4435 ¹
1891 4419 1893 4428 ,

417 4443 543 4504 decadis
557 4444 684 4505 ultimus
708 4448 851 4522 ageretur
876 4442 1151 4505 uanuslloeitius
1175 4441 1277 4503 adbuc
1363 4438 1525 4508 Persuasio
1540 4438 1658 4519 quine.
1676 4430 1943 4517 Paulusscribeos
1968 4436 2005 4499 ad
2022 4434 2191 4509 Romanos,

417 4523 625 4601 explicabitur
639 4527 727 4588 loeas
741 4524 964 4604 chrysostomum
985 4540 1056 4587 nam
1081 4523 1168 4585 ioitto
1178 4522 1277 4585 oemi-
1321 4524 1437 4587 multos
1450 4523 1543 4602 jobet
1554 4522 1691 4599 salutari,
1706 4540 1775 4603 cap
1787 4524 1847 4593 ult„
1861 4520 1940 4585 l'etri
1954 4526 2056 4582 autern
2072 4536 2113 4582 oe
2128 4535 2194 4581 ute·

417 4608 478 4667 tiae
492 4606 762 4680 scribit‚lounoem
776 4608 952 4669 reabse-ad
966 4606 1191 4686 bepliaaoduot,
1209 4610 1279 4684 post
1321 4604 1410 4667 mioit
1422 4606 1562 4683 quidem.
1575 4606 1676 4684 Atque
1689 4607 1766 4669 boec
1789 4621 1849 4667 non
1862 4606 1964 4668 solum
1981 4602 2096 4665 ilelcoo
2124 4618 2193 4679 per·

409 4706 517 4751 'anuos
543 4688 609 4752 fere
633 4688 685 4752 att.
711 4691 987 4768 exquosequttur,
1015 4695 1050 4752 ut
1075 4687 1211 4751 loannes
1240 4702 1277 4749 ao
1322 4688 1441 4761 suasio,
1457 4687 1513 4753 sed
1528 4690 1621 4758 etiam
1635 4688 1757 4769 illyrico
1771 4687 1990 4753 demonstratio
2003 4684 2191 4762 est,l’etrum

407 4770 1278 4851 temporeooneomptereritaouumtrigesimumzqaod
1321 4770 1733 4848 Romaenunuuamtutsse.
1900 4834 1901 4837 ,

352 4865 369 4900 s·
390 4820 396 4914 i
414 4856 445 4917 ¹si
458 4854 594 4918 loannes
616 4870 679 4917 oon
704 4854 911 4936 ueJoplererot
932 4870 1046 4916 aunum
1072 4852 1276 4931 trigesimum,
1330 4936 1332 4943 Ι
1363 4852 1547 4931 despondeo
1569 4848 2099 4933 inprimtsurpuneutundoenitdl
2116 4864 2189 4942 eoo·

278 4923 324 5079 ἰ
349 4937 363 4964 ”
417 4935 1278 5100 didita*ididldatltdiiidaiiddidi}
1323 4923 2190 5099 tilidditdlibidtldlaiitidlltddt3:

420 5120 492 5165 euru
503 5103 710 5177 ait,Cbristom
722 5110 899 5183 postaonos
911 5100 1034 5182 triginta
1044 5100 1167 5162 venisse
1181 5100 1218 5165 ad
1227 5100 1278 5161 ba·
1322 5100 1394 5175 mis,
1408 5100 1478 5179 quia
1494 5100 1605 5173 Paulus
1620 5064 1763 5163 scribens
1778 5102 1815 5163 ad
1842 5097 1994 5179 Ephesios
2017 5104 2048 5159 et
2076 5099 2114 5159 ad
2131 5096 2191 5157 lle·

404 5185 580 5265 -ptismum,
594 5186 663 5247 sine
678 5187 773 5249 dnbio
784 5183 948 5264 significat,
964 5188 1035 5261 post
1047 5198 1145 5245 uaoos
1155 5181 1279 5261 triginta
1322 5181 1446 5259 bracos,
1461 5198 1523 5245 non
1538 5185 1678 5247 meminit
1691 5182 1816 5253 loannis
1832 5190 1863 5245 et
1876 5180 1994 5245 iacobi.
2009 5180 2127 5243 Deinde
2144 5180 2193 5239 di·

418 5264 1280 5345 inchoatos,etnoudumerautcsvenisse.llaoeatigitur
1324 5281 1378 5327 eo:
1405 5264 1533 5343 Paulum
1559 5281 1620 5339 non
1631 5267 1768 5345 jussisse
1790 5266 1913 5329 Petrum
1939 5262 2086 5338 salutari,
2115 5261 2194 5339 quia

419 5353 624 5413 eir-commoni
639 5352 792 5413 sententia
815 5348 968 5412 Christum
989 5347 1171 5426 baptizaturo
1197 5364 1278 5412 nono
1323 5346 1449 5427 scripsit
1460 5348 1673 5425 epistolameo
1686 5355 1835 5427 tempore,
1858 5362 1919 5427 quo
1936 5346 2043 5409 Petrus
2057 5344 2193 5405 redierat

419 5429 1197 5513 ad.tnctacato.ttterurupduciptumerutcoristum
1209 5436 1279 5509 post
1323 5429 1430 5504 Roma,
1447 5436 1478 5491 et
1492 5432 1709 5497 versabatur-ia
1725 5426 1821 5511 Syria:
1837 5448 1905 5492 nam
1931 5428 2043 5491 Paulus
2064 5426 2195 5504 scripsit

418 5516 609 5595 baptismum
620 5519 817 5598 praedicasse
827 5515 900 5595 plus
913 5514 1012 5576 tribus
1026 5512 1143 5578 eoois.
1155 5568 1158 5574 .
1171 5529 1209 5575 ue
1224 5530 1279 5592 per
1324 5513 1485 5591 epistolam
1502 5512 1684 5591 usitidem,
1702 5531 1762 5593 uuo
1780 5514 2031 5592 proficiscebatur
2044 5510 2196 5570 llicrusn-

418 5596 1082 5677 nocpussunemaunuoaadncooatouuod
1094 5595 1279 5673 principium
1323 5595 1400 5669 lem,
1415 5594 1468 5657 ubi
1484 5598 1777 5675 eteomprehansus
1792 5598 1870 5659 luit:
1901 5598 1947 5657 sie
1971 5594 2051 5655 enim
2080 5592 2196 5652 scribit

418 5697 457 5743 ex
469 5684 627 5761 ematpelio
641 5683 768 5746 loaouis
779 5687 884 5760 operte
898 5680 1064 5758 colligitur:
1080 5677 1233 5741 babemus
1248 5695 1279 5739 e·
1327 5679 1395 5754 ipse
1407 5677 1495 5741 Rom.
1510 5678 1559 5741 td.
1573 5678 1614 5742 Et
1623 5696 1723 5754 nune,
1741 5676 2040 5762 inquitpropieiseor
2062 5674 2102 5735 iac
2118 5674 2196 5737 llie-

420 5765 486 5825 nim
496 5772 631 5842 quatuor
643 5769 786 5844 pascnan
802 5761 941 5826 notatuio
954 5762 1113 5835 asauuelio
1133 5761 1274 5830 loannis.
1323 5760 1480 5835 molem,
1496 5762 1682 5825 ministrare
1692 5764 1830 5827 sanctis.-
1841 5760 2062 5841 probcuertutt
2078 5758 2195 5829 edilis,

418 5862 516 5909 unum
529 5846 625 5918 102..
638 5851 766 5912 alterum
780 5847 878 5919 lod..
895 5845 1018 5907 tertium
1032 5842 1080 5906 lo.
1092 5842 1124 5905 6.
1136 5849 1278 5921 quartum
1323 5841 1449 5921 letnju
1468 5849 1498 5913 et
1509 5844 1700 5907 Macedonio
1715 5844 1922 5909 collationem
1943 5844 2092 5923 ntiquom
2106 5842 2195 5917 sece-

420 5922 596 5992 io.t3.eum
608 5929 705 6006 igitur»
711 5931 850 5992 cbristus
864 5937 936 6007 post
945 5928 1131 6007 baptismum
1149 5934 1279 6002 quatuor
1324 5942 1360 5987 re
1374 5927 1412 5989 ie
1425 5942 1587 6010 pauperes
1601 5926 1740 6009 sectatos,
1757 5928 1816 6008 qui
1829 5934 1907 5991 aunt
1920 5929 1959 5992 io
1973 5926 2196 5988 Hierusalem.

419 6016 565 6088 pascbata
579 6012 790 6085 celebraverit,
807 6027 937 6073 neeesse
952 6014 1084 6071 osteum
1104 6008 1142 6071 od
1157 6006 1278 6075 initium
1324 6006 1439 6079 litlot.
1458 6008 1507 6070 2l.
1527 6010 1608 6071 idem
1625 6008 1748 6084 Paulus,
1765 6026 1834 6073 eum
1864 6026 2004 6073 caussam
2022 6008 2143 6068 diceret
2159 6008 2197 6069 ad

410 6098 522 6173 :quarti
535 6096 608 6161 anni
620 6090 1277 6173 docendoperuenissezslgaatiosiossepist.
1323 6090 1457 6163 tribunal
1473 6090 1586 6175 Felicis
1602 6087 1707 6177 Syriae
1719 6094 1882 6181 praesidis,
1897 6094 1948 6156 ait:
1962 6092 2197 6179 Eleeotoapnns
