4792 7009
556 1009 1330 1276 ‚uu-'vunnu
1448 1104 1670 1276 uui

889 2055 1086 2167 llllttl
1154 2055 1386 2166 tultus

1066 2383 1210 2394 ...η-...-

543 2848 659 2913 attur
681 2848 825 2912 Pltllllltl
872 2899 875 2904 .
1168 2846 1253 2909 lianc
1267 2848 1367 2928 ipsum
1383 2847 1598 2912 Suonckleldii
1612 2854 1644 2913 el
1656 2850 1880 2914 Libertinorum
1891 2868 2033 2918 errorem

1167 2946 1293 2992 rotnano
1313 2929 1450 3008 pontifici
1471 2931 1587 3011 lotique
1607 2934 1777 2998 catholicae
1791 2935 1947 3000 llcclesiae
1971 2939 2032 3000 im·

428 3013 519 3078 Sitne
542 3015 713 3095 Scriptura
730 3014 864 3078 cabum
882 3010 953 3074 Dei.
1168 3012 1392 3090 putentissimo
1413 3013 1576 3077 mendacio
1597 3015 1772 3080 adscribere
1793 3033 1855 3079 non
1876 3025 2030 3082 verentur.

1168 3095 1291 3156 bulberi
1313 3096 1405 3158 uerba
1420 3097 1452 3158 in
1472 3096 1527 3158 lib.
1543 3097 1582 3160 de
1597 3096 1742 3162 conciliis
1756 3103 1787 3160 el
1800 3100 1947 3176 Ecclesia,
1964 3117 2033 3180 pro·

1169 3193 1209 3255 pe
1225 3182 1359 3239 extremo
1374 3177 1420 3240 sic
1432 3178 1559 3240 babent:
1574 3179 1677 3259 Papa,
1694 3181 1754 3245 bac
1764 3183 1839 3261 ipsa
1852 3183 1892 3245 tle
1902 3200 1937 3246 rc
1948 3199 2032 3262 pene

255 3196 448 3323 Instituenti
469 3261 544 3324 mibi
566 3262 607 3325 de
626 3262 714 3325 libris
730 3261 827 3324 sacris
841 3261 1010 3340 disputare,
1024 3256 1126 3337 primo
1169 3264 1270 3321 mitam
1291 3259 1400 3323 orbem
1420 3265 1582 3325 terrarum
1594 3264 1734 3326 immani
1746 3266 1829 3328 nmle
1843 3273 2034 3328 commenta·

257 3360 290 3404 se
315 3345 405 3406 allcrt
427 3345 480 3406 illo
505 3347 655 3424 quaestio:
682 3347 762 3406 sitne
778 3345 931 3421 Scriptura
946 3342 1126 3420 propbatico
1168 3343 1295 3406 riorum
1315 3350 1345 3405 et
1365 3343 1522 3407 librorum
1539 3345 1674 3424 celarit,
1691 3351 1721 3410 ct
1733 3347 1771 3409 ia
1783 3362 1887 3410 noeros
1902 3349 2033 3428 maneus

261 3433 291 3486 ot
311 3428 480 3504 apostolica
502 3434 536 3489 ut
555 3429 681 3490 verbum
702 3428 757 3488 Dei
773 3427 963 3505 recipientia:
979 3441 1018 3486 an
1031 3423 1063 3485 id
1078 3439 1127 3485 so·
1170 3427 1453 3499 conscientiarum,
1470 3427 1565 3506 topos,
1581 3429 1869 3508 sanctionesp'nra
1880 3431 2035 3496 dimanet

262 3509 324 3570 lum
347 3527 404 3586 pro
425 3511 521 3571 rerba
542 3510 598 3571 llai
620 3510 869 3582 hebrudunum,
892 3507 973 3588 quod
997 3505 1129 3584 Spiritus
1170 3507 1328 3584 bumana,
1352 3509 1505 3572 articulos
1525 3508 1613 3588 fidei,
1628 3527 1750 3574 maten
1761 3514 1885 3591 peccati
1899 3517 1929 3574 el
1938 3511 2033 3588 justi·

259 3600 382 3654 snuclus
395 3592 535 3670 priuatim
546 3593 712 3671 unicuique
724 3593 755 3652 in
768 3592 861 3654 corde
872 3590 1019 3668 loquitur.
1030 3588 1126 3664 Quam
1171 3592 1236 3653 tiae
1250 3593 1416 3654 conuenit:
1429 3596 1467 3654 nl
1478 3593 1612 3656 meriltos
1625 3595 1667 3656 sit
1680 3595 1788 3658 denno
1803 3597 1891 3657 tradi
1903 3595 2034 3673 ipnibns

260 3675 651 3753 «parationeminoltpuam
667 3674 779 3752 alioqui
795 3689 875 3751 qnae
888 3678 1033 3735 tractetur
1046 3673 1127 3750 apud
1169 3689 1268 3736 antara
1288 3675 1463 3752 decretalc,·
1477 3676 1574 3753 facilc
1587 3677 1675 3740 enim
1688 3693 1799 3740 carcre
1810 3680 1915 3755 posset
1928 3679 2034 3741 Eccle-

263 3758 426 3835 lbeolopos
452 3759 646 3832 christianos,
663 3759 783 3836 peperit
796 3757 887 3819 nobis
901 3757 962 3817 boa
975 3759 1125 3833 ternpore,
1169 3757 1222 3818 sia
1242 3757 1301 3818 tali
1322 3755 1412 3833 libro,
1434 3760 1493 3838 qni
1507 3758 1658 3822 nonnae
1673 3765 1703 3822 ct
1715 3760 1929 3838 irreparabile
1944 3762 2035 3824 aaut·

263 3841 372 3916 partim
386 3839 600 3902 Sucnaltleldit
620 3847 651 3902 el
664 3840 887 3902 libertinorum
901 3838 1127 3916 del-italiapar·
1168 3855 1251 3902 narn
1272 3841 1360 3902 aedit
1379 3843 1417 3903 in
1437 3847 1664 3920 mapnaparte
1677 3845 1805 3922 penatis
1819 3842 1967 3918 humani,
1985 3859 2036 3906 sa·

263 3923 505 4000 timimprobilas
517 3923 745 4002 etimpudenlia
757 3921 1129 3999 lutheranorum.t}aspar
1170 3939 1252 3984 cram
1274 3921 1460 4000 scripturam
1479 3925 1518 3987 in
1538 3939 1636 3988 coella
1659 3932 1688 3987 at
1706 3925 1837 4003 puluere
1850 3925 2034 4004 sepeliil,.el

264 4004 507 4066 Strenuitoltius
532 4003 545 4081 l
558 4013 590 4066 ul
614 4006 785 4067 l'ridoricus
810 4005 977 4082 Stapbilus,
994 4004 1026 4064 in
1047 4005 1127 4066 libro
1170 4005 1353 4069 doctrinam
1377 4007 1590 4070 christianam
1612 4023 1695 4086 pene
1722 4009 1884 4088 intepram
1907 4007 2033 4071 delean.

261 4088 299 4147 tic
311 4087 480 4149 Corrcordia
496 4089 718 4166 discipulorum
732 4087 901 4162 balberial
914 4087 1022 4149 Petrus
1033 4087 1128 4148 Palla·
1170 4087 1252 4150 llaec
1265 4087 1429 4162 Lutherns,
1445 4105 1576 4168 quorum
1590 4089 1702 4152 similia
1717 4089 1831 4168 passim
1846 4090 1990 4168 leguntur
2002 4090 2035 4154 in

261 4170 331 4229 olins
347 4173 378 4229 iu
397 4171 476 4231 libro
491 4172 530 4232 de
544 4170 732 4233 llaeresibus
745 4171 840 4249 buius
853 4169 1001 4247 temporis
1016 4175 1127 4230 lestan-
1170 4171 1249 4232 libro
1274 4171 1420 4234 aduersus
1442 4187 1548 4250 regem
1561 4171 1698 4251 angliae,
1714 4179 1746 4233 et
1760 4173 1791 4234 in
1806 4171 1885 4234 libro
1900 4173 1938 4234 de
1954 4173 2033 4236 laiso

261 4254 330 4331 tur)
345 4253 474 4314 uerbum
488 4258 637 4331 seriptum
652 4261 793 4330 tanquam
805 4253 923 4313 literam
935 4253 1128 4314 accidentem
1171 4260 1250 4315 statu
1271 4253 1357 4327 cleri,
1381 4260 1411 4316 el
1432 4252 1516 4316 alibi.
1540 4253 1653 4316 Caluini
1674 4255 1765 4316 rerba
1788 4254 1875 4316 initio
1890 4253 1961 4316 libri
1976 4269 2035 4319 seu

260 4339 390 4412 respuit,
408 4336 538 4411 soloque
552 4337 661 4414 spiritu
677 4336 796 4396 interno
811 4341 972 4396 contentos
987 4350 1045 4396 nos
1056 4351 1128 4398 esse
1170 4335 1380 4398 instructionis
1401 4336 1767 4414 aduersuslunbeplistas
1782 4337 1859 4398 baec
1873 4344 1956 4398 suut:
1973 4337 2036 4402 Noc

258 4417 409 4495 jubetlle
424 4416 1128 4495 libertinis,qniauctoribnscopinoettluiu·
1171 4421 1260 4481 enim
1283 4419 1493 4496 Papistararn
1517 4434 1606 4482 neore
1631 4419 1787 4494 alciata,
1813 4425 2036 4484 saansanclos

263 4501 322 4559 lino
344 4501 443 4561 exorti
465 4509 548 4571 sunl,
570 4503 602 4562 in
625 4502 707 4561 banc
729 4502 853 4561 modum
874 4499 1128 4564 scribillaonucs
1172 4502 1358 4580 Scripturas
1384 4501 1500 4563 missas
1524 4499 1596 4580 fieri
1620 4506 1775 4580 opertere,
1799 4503 2036 4566 aloncion-itan·

263 4581 404 4643 latrinas
418 4583 452 4643 in
463 4583 664 4645 instructione
675 4583 821 4646 adsersus
831 4582 1002 4644 Libertinos
1012 4599 1081 4660 cap.
1094 4584 1125 4644 ll.
1170 4585 1340 4648 bominum
1354 4584 1609 4664 acqanscornua
1624 4584 1683 4646 bac
1697 4585 1785 4647 anim
1795 4580 1952 4663 etlaptnm
1963 4599 2036 4649 cen

263 4663 344 4736 lam,
370 4664 482 4743 inquil,
509 4667 668 4740 ammas,
691 4667 768 4728 istos
786 4667 884 4727 initio
898 4671 1008 4742 aperte
1020 4666 1129 4728 cluere
1170 4683 1277 4732 scmus
1301 4665 1534 4746 blasphemiam
1558 4665 1773 4730 cnccrabilem
1797 4681 1874 4728 esse.
1900 4665 2036 4747 Quapro-

261 4748 366 4808 solitos
385 4750 419 4810 si
439 4749 512 4829 quis
527 4747 710 4828 Scripturas
725 4749 889 4825 alteparct:
904 4765 964 4810 nec
979 4749 1129 4810 alsstmu·
1170 4757 1239 4828 pter
1259 4753 1292 4812 ul
1312 4756 1344 4812 ct
1363 4750 1484 4810 illorum
1505 4764 1650 4823 errorem,
1668 4753 1699 4812 et
1712 4749 1821 4812 borum
1841 4749 2035 4813 mendacium

263 4831 354 4903 lasse,
370 4831 456 4910 pain
471 4847 525 4892 eas
537 4847 599 4910 pro
612 4832 732 4910 ptbtllis
753 4832 919 4893 baberent.
934 4831 1069 4893 interim
1082 4837 1128 4894 ta·
1170 4832 1304 4895 breuiter
1326 4831 1513 4904 reiellamuS,
1535 4831 1611 4894 illud
1639 4831 1779 4912 inprimis
1794 4831 1987 4894 statuendum
2002 4847 2037 4894 e·

263 4929 334 4973 msa
352 4929 425 4974 non
445 4914 636 4976 annuebant
654 4915 696 4975 iis
716 4915 776 4984 nti,
798 4916 829 4975 si
848 4915 922 4993 puts
936 4921 1014 4976 essct
1028 4915 1127 4987 lamro,
1171 4917 1223 4978 rit:
1238 4914 1435 4994 propheticos
1449 4919 1480 4978 et
1494 4913 1679 4994 apostolicos
1692 4913 1787 4975 libros
1802 4913 2036 4992 inclementem

265 4997 1130 5076 qaantnmnsansaantamaopassontltonqaoa
1171 4997 1329 5060 Ecclesiae
1351 4997 1530 5072 calamicca,
1553 5002 1584 5059 et
1605 4997 1678 5060 alim
1698 4996 1729 5060 in
1752 4995 1887 5058 Concilio
1901 4995 1955 5056 lll.
1971 5011 2038 5058 aar·

265 5079 297 5138 ei
317 5077 507 5142 adlcbaent
519 5077 627 5158 tillon
643 5080 702 5142 sea
715 5085 842 5140 teatrum
853 5082 891 5139 nt
903 5078 1131 5155 perturbarent
1172 5079 1346 5160 tbaginensi
1367 5096 1435 5157 cop.
1451 5079 1503 5152 tl,
1519 5085 1549 5142 cl
1563 5094 1661 5158 nuper
1674 5079 1707 5141 in
1723 5077 1858 5140 Concilio
1873 5077 2038 5141 tridentino

265 5160 396 5232 idiotas,
416 5163 578 5241 otpneita
592 5168 805 5231 cannrmrenl,
819 5167 858 5222 at
871 5162 1005 5224 taniam
1019 5177 1071 5223 eos
1085 5163 1131 5226 acl
1173 5179 1254 5226 sess.
1277 5163 1307 5224 l.
1331 5164 1522 5241 explicatam,
1549 5177 1654 5225 uerum
1675 5175 1746 5225 osse
1767 5160 1894 5222 uerbum
1914 5159 1982 5235 Dei,
2005 5165 2037 5223 et

261 5259 295 5303 sc
312 5249 444 5321 ponent
462 5245 593 5322 facilisrs
614 5246 787 5307 admisere.
812 5246 848 5305 Si
860 5245 934 5322 qais
948 5244 1037 5305 locta
1050 5245 1130 5322 ipsr's
1174 5252 1287 5309 'certam
1310 5261 1346 5308 ac
1366 5244 1509 5306 stabilem
1528 5245 1666 5324 regulam
1686 5243 1774 5308 lldei.
1790 5241 1824 5306 ld
1838 5257 1910 5307 reru
1924 5241 1976 5306 bis
1990 5259 2039 5308 at·

261 5324 455 5402 abjiceretur
466 5327 715 5406 respondebant:
731 5327 792 5388 lllos
807 5328 918 5388 literae
931 5328 1066 5388 minime
1077 5328 1130 5389 ob·
1174 5329 1329 5410 gementis
1350 5327 1598 5407 comprobemus.

262 5409 381 5471 maias
396 5425 475 5478 esse,
490 5411 708 5489 neaspiritnm
717 5411 775 5489 ani
785 5408 1027 5488 mmficmseani
1037 5427 1130 5489 apur-

264 5497 338 5553 lerc.
351 5491 543 5566 Quinctium
550 5493 1130 5573 PorctlsilleQnintinnsnnnatpncnr·
1514 5491 1633 5557 altus
1653 5491 1694 5554 ll.

265 5589 326 5650 pne
341 5575 564 5651 apostoloram
577 5576 688 5654 aliqtm
701 5582 873 5636 scommate
885 5581 1065 5646 notaverat,
1080 5593 1132 5638 ue·

268 5656 326 5718 luti
350 5657 523 5720 Picaratco
541 5673 600 5720 sno
614 5673 771 5728 samone,
788 5657 928 5719 Paulam
939 5675 1060 5720 uacans
1073 5675 1132 5721 aas
1181 5692 1184 5697 ·
1235 5659 1351 5736 libris,
1368 5659 1427 5739 qai
1441 5657 1592 5722 santonici
1605 5657 1831 5735 rtomiaanlttr,
1845 5655 1977 5721 summ

263 5738 415 5813 tractura,
437 5740 598 5803 loannem
611 5741 770 5819 jananeni
785 5741 986 5807 staticulum.
1002 5743 1133 5804 l’ctrum
1485 5739 1542 5803 llcl
1562 5740 1731 5804 contineri.

264 5822 493 5902 mnepatmcm
506 5823 574 5899 lici,
590 5824 785 5886 llmlltaaum
797 5825 1133 5901 foeneratarcmllaeu

265 5903 325 5968 ille.
522 5970 527 5979 ,
1217 5905 1368 5984 Principio
1378 5904 1698 5984 tloysospropltotoo,
1712 5904 1848 5969 cbristus
1859 5903 2036 5984 ipsaloon-

304 5989 402 6050 Porro
427 5988 576 6051 llarlinus
601 5989 761 6059 Lutberns,
785 5988 964 6051 etloanues
979 5988 1132 6061 Caluinus,
1177 6007 1257 6064 uas,
1279 5989 1431 6066 aposloli,
1455 5987 1502 6050 rel
1529 5987 1630 6051 dirius
1651 5987 1791 6068 dogtnala
1813 6005 1850 6050 ex
1872 5989 2042 6066 scripturis·

270 6075 297 6133 cl
323 6077 480 6152 quotquot
499 6079 667 6137 sectatores
694 6079 725 6136 cl
746 6073 889 6155 discipuli
911 6087 1017 6138 eornm
1037 6079 1131 6152 sant,
1176 6073 1240 6154 ipsi
1253 6071 1482 6151 confirmabant,
1495 6071 1543 6135 tel
1557 6077 1640 6144 certe
1654 6071 1692 6138 ad
1706 6073 1876 6153 Scripturas
1889 6073 2042 6152 legentes
