4792 7009
1001 711 1098 772 ntuetr
1115 711 1256 774 TERTIUS
1895 715 1948 772 tit

245 846 289 910 de
305 845 375 925 ipso
389 845 563 920 Salomone,
586 843 642 908 sed
654 843 821 924 pertactius
841 843 966 924 impleta
988 853 1062 910 sunt
1081 850 1116 912 in
1158 866 1227 915 rum
1242 847 1436 930 occupaverit
1449 845 1777 928 reguumi'heodorus
1793 847 1970 910 Bibliandor
1987 848 2018 912 in

247 928 686 1006 ChristoProptereaibidem
699 928 1116 1008 iiieronymnsposteuquam
1160 931 1345 997 suoChron.
1368 933 1453 1008 dicit,
1485 942 1643 994 romanum
1673 931 1848 1008 pontiiicem
1878 943 2020 1010 6666666

246 1016 434 1091 exposuerat
448 1012 531 1074 huno
541 1011 643 1074 iocum
655 1011 694 1072 de
709 1010 866 1086 Antiocho,
879 1019 1029 1090 sequutus
1043 1013 1114 1077 Por·
1161 1032 1257 1080 cornu
1271 1015 1431 1109 parvulum
1448 1014 1623 1076 excussisse
1640 1013 1770 1090 primam
1793 1017 1939 1088 cornude
1955 1017 2016 1075 iilis

247 1096 407 1176 phyrium,
421 1095 462 1156 ita
476 1093 650 1172 subjungih
664 1094 767 1155 itastvi
777 1099 886 1156 666666
897 1101 927 1155 ct
938 1095 1116 1175 meliusin-
1161 1101 1281 1174 decem,
1298 1099 1419 1178 quando
1432 1095 1596 1178 Gregorius
1610 1094 1650 1156 ΙΙ.
1661 1097 1933 1162 excommunicavit
1949 1097 2029 1158 heo·

249 1183 470 1257 terprctontar
483 1181 513 1238 et
525 1179 654 1250 rectius,
672 1177 760 1255 qaod
779 1176 817 1238 io
829 1174 893 1253 tine
906 1179 1025 1240 menidi
1037 1178 1118 1242 hacc
1161 1197 1233 1244 nem
1249 1181 1461 1258 imperatorem
1477 1194 1621 1260 graecum
1645 1178 1888 1252 iconomachnm,
1907 1186 1936 1240 et
1952 1195 2020 1258 pro·

249 1262 294 1322 sit
307 1263 454 1338 facturus
469 1257 692 1324 Antichristus
721 1259 781 1336 Qui
806 1274 999 1335 contorpere
1020 1261 1115 1339 hahet
1161 1263 1272 1339 hibuit,
1290 1265 1400 1326 tributa
1416 1264 1458 1324 ilii
1474 1263 1512 1322 ab
1528 1261 1610 1324 itatis
1624 1259 1722 1333 reddi,
1737 1266 1767 1320 et
1783 1261 1923 1336 paulatim
1940 1263 2024 1340 prin·

250 1345 294 1405 de
306 1343 553 1419 moaioapente,
564 1343 702 1414 66666666
714 1342 837 1420 populo
851 1341 1063 1409 iudaeorum.
1087 1352 1118 1408 et
1162 1349 1295 1425 cipetum
1312 1347 1380 1427 ejus
1397 1393 1405 1418 ‚
1432 1344 1536 1417 idest,
1560 1343 1754 1405 exarchatum
1769 1343 1930 1404 Ravennae
1941 1345 2023 1424 ¹cirti-

249 1431 322 1488 tam
334 1424 467 1494 humitis
481 1425 542 1486 erit
556 1433 652 1503 66666
667 1425 833 1501 despectus
848 1471 856 1498 ‚
877 1430 915 1486 66
927 1425 959 1485 ei
978 1441 1048 1488 nan
1062 1429 1119 1490 de·
1163 1431 1239 1492 nuit.
1257 1429 1431 1492 Secundum
1446 1444 1543 1492 cornu
1558 1427 1631 1487 dicit
1645 1427 1954 1502 excussis-sanmuro
1972 1426 2023 1485 Za-

250 1515 309 1570 tur
323 1508 426 1569 honor
438 1508 557 1585 rapias,
585 1513 614 1566 66
626 1523 686 1584 666
705 1507 845 1568 tractatas
869 1510 900 1568 66
925 1505 1119 1582 666666666-
1163 1513 1281 1576 churies
1296 1529 1373 1590 papa
1389 1511 1531 1590 deposuit
1547 1507 1752 1572 childericum
1767 1523 1871 1582 regem
1891 1508 2024 1568 Franco·

253 1591 339 1653 tiam
353 1589 494 1652 obtineat
506 1589 728 1668 principatum
755 1592 813 1652 etc.
842 1587 898 1650 Ubi
913 1588 1118 1670 Hieronymus
1162 1611 1241 1665 rum,
1258 1599 1288 1656 et
1302 1595 1441 1672 Pipinum
1454 1608 1507 1672 pro
1523 1588 1669 1654 coerceri
1681 1589 1833 1669 jussthite
1848 1589 1946 1650 tertio
1963 1605 2034 1663 666

251 1671 508 1752 significahhanc
523 1687 593 1734 esse
604 1687 800 1735 communem
815 1670 1052 1734 Christianorum
1068 1691 1119 1737 er·
1164 1682 1269 1756 aperte
1284 1677 1429 1754 tenuitur,
1447 1676 1502 1736 sed
1517 1674 1636 1736 ridetur
1651 1672 1786 1734 indicare
1804 1717 1812 1744 ‚
1843 1677 1915 1733 tuac
1930 1671 2025 1734 inisse

253 1756 454 1834 positionem.
471 1754 546 1827 Quia
562 1754 655 1816 etiam
667 1756 706 1816 de
721 1771 828 1817 caussa
858 1771 926 1832 cap.
950 1754 979 1814 i.
997 1772 1119 1835 compa·
1164 1774 1328 1822 excussum
1344 1758 1464 1820 tertium
1479 1772 1573 1818 cornu
1591 1801 1599 1829 ,
1628 1753 1751 1832 quando
1781 1753 1944 1834 Gregorius
1961 1753 2024 1817 vti.

184 1852 185 1891 t
253 1837 658 1909 ratDanietAntichristum
672 1854 744 1898 cum
774 1853 870 1900 cornu
899 1837 1050 1915 parvulo,
1073 1840 1117 1900 ni·
1165 1839 1447 1912 excommunicavit,
1475 1845 1507 1900 et
1521 1837 1664 1914 deposuit
1687 1833 1852 1898 ilenricum
1868 1835 1917 1897 tv.
1931 1837 2028 1916 impa-

253 1920 395 1997 mirum,
417 1927 542 2000 propter
557 1920 656 2003 ipsius
677 1921 736 1982 viic
759 1927 790 1983 et
811 1919 976 1982 obscurum
1006 1921 1119 1999 priuci-
1165 1932 1309 1986 retorem.
1326 1921 1429 1983 Exstat
1442 1919 1532 1980 etiam
1549 1919 1678 1996 epistula
1700 1919 1850 1996 quaedam
1878 1919 2026 1982 Fridcrici

252 2003 354 2082 pium.
1164 2007 1206 2070 il.
1223 2003 1413 2084 imperatoris
1428 2007 1531 2064 contra
1549 1999 1724 2083 pontiiicem
1749 2000 1861 2078 scripta
1880 2046 1896 2075 ,.
1919 2001 1949 2062 in
1967 2019 2027 2082 qua

298 2086 337 2149 Et
349 2088 433 2148 certe
446 2085 505 2146 hoc
526 2083 657 2163 primum
684 2084 770 2145 natio
797 2083 888 2146 modo
915 2085 1120 2148 convenitro·
1165 2090 1288 2160 asserit.
1305 2088 1359 2148 tria
1375 2099 1489 2146 cornua
1504 2083 1541 2144 ah
1558 2081 1741 2144 Antichristo
1754 2084 1868 2156 evulsa,
1887 2089 1956 2144 csse
1978 2099 2025 2145 ra-

255 2184 350 2228 mano
373 2165 507 2245 pontifici
522 2185 531 2242 3
562 2167 801 2244 oporteretenim
824 2166 938 2239 dicere,
961 2180 1120 2230 romanum
1164 2187 1257 2252 gnum
1274 2169 1391 2242 itatiae,
1409 2165 1587 2228 Germaniae
1615 2169 1644 2226 et
1659 2163 1792 2240 Siciliae,
1807 2181 1885 2240 6666
1901 2167 1959 2228 sihi
1972 2183 2028 2244 po·

256 2249 437 2328 pontificem
452 2253 599 2328 usquead
616 2265 728 2309 annum
744 2249 817 2311 600.
839 2248 948 2311 inisse·
966 2250 1121 2312 obscuris·
1166 2254 1316 2318 tissimum
1331 2247 1626 2328 romanuspontifex
1641 2246 1755 2308 servire
1770 2247 1882 2324 coigit.

257 2333 385 2404 simum,
396 2337 434 2393 66
447 2334 561 2392 nuttios
577 2332 721 2405 nominis,
735 2340 765 2392 et
779 2338 852 2393 tunc
866 2336 1005 2412 repente,
1015 2350 1049 2393 ac
1064 2349 1121 2411 per
1206 2338 1240 2398 At
1251 2337 1327 2397 haec
1341 2331 1505 2408 yanissime
1520 2328 1679 2392 sucidam
1693 2327 1833 2408 inprimis
1845 2329 1951 2392 066661
1966 2347 2028 2392 666

184 2415 188 2424 '
255 2416 382 2476 fraudes
407 2416 508 2476 inerim
537 2413 670 2492 aliquem
699 2415 856 2476 excelsum
881 2431 1061 2492 occupasse:
1092 2421 1122 2478 at
1166 2419 1206 2482 de
1221 2433 1316 2498 regno
1332 2411 1712 2486 GalliaeveiGermaniae
1727 2411 1885 2488 loquitur,
1909 2415 1965 2474 sed
1988 2416 2027 2475 de

258 2499 320 2558 hoc
335 2503 382 2560 est
396 2501 500 2574 aperte
520 2497 642 2557 teisurn.
660 2497 733 2558 Narn
756 2501 790 2558 nt
815 2496 1001 2575 Augustinus
1026 2496 1119 2576 epist.
1167 2517 1264 2581 regno
1279 2497 1419 2579 Aegypti,
1436 2495 1548 2576 Libyae
1564 2501 1594 2557 et
1618 2490 1808 2572 Aethiopiae.
1825 2492 1943 2557 Deinde
1960 2497 2028 2556 nul.

259 2579 331 2640 rui.
345 2580 396 2640 ait:
412 2580 452 2642 in
464 2595 604 2646 nomana
618 2579 762 2641 Ecclesia
774 2595 902 2656 semper
924 2579 1027 2657 oipuit
1042 2597 1120 2658 apo·
1167 2583 1231 2646 lum
1248 2599 1351 2645 eorum
1365 2595 1493 2659 regnum
1509 2585 1586 2657 papa
1602 2574 1738 2638 occidit:
1761 2575 1962 2640 Antichristus
1978 2596 2030 2640 au·

256 2663 393 2723 atoiicac
407 2662 580 2724 cathedrae
594 2663 812 2740 principatur.
828 2663 864 2722 iit
879 2661 1008 2739 Prosper
1019 2661 1074 2723 tib.
1088 2663 1118 2725 2.
1168 2673 1231 2728 tem
1246 2671 1308 2726 tres
1324 2664 1393 2726 ilios
1409 2677 1499 2742 reges
1513 2657 1686 2732 interficiet,
1708 2661 1742 2720 ut
1767 2658 1969 2738 Hieronymus
1984 2663 2029 2722 rti-

257 2746 301 2804 dc
316 2745 420 2806 Vocat.
435 2744 526 2805 (ient.
539 2760 608 2823 cap.
631 2743 662 2804 6.
678 2743 791 2817 Romo,
807 2744 917 2823 inquit,
931 2759 991 2822 per
1016 2761 1122 2811 66666-
1168 2747 1221 2812 cit.
1237 2749 1393 2810 Praeterea
1407 2743 1611 2806 Antichristus
1623 2739 1683 2804 sthi
1698 2739 1750 2802 illa
1764 2757 1858 2820 regna
1887 2743 2030 2805 vendica-

184 2880 185 2891 .
255 2827 342 2888 datii
353 2827 576 2904 principatum
589 2827 729 2906 anrptior
741 2828 831 2905 facta
845 2832 892 2890 eet
904 2843 978 2889 arce
991 2829 1120 2906 retipio·
1166 2831 1223 2902 bit,
1241 2845 1301 2892 non
1315 2827 1382 2890 aliis
1394 2826 1501 2890 tradet:
1516 2832 1545 2887 at
1556 2823 1831 2908 pontiiexregnum
1844 2823 1958 2887 Galliae
1967 2843 2029 2888 non

253 2910 324 2983 nia,
340 2925 441 2988 66666
453 2909 533 2970 sotio
552 2912 729 2986 6666666666.
758 2911 794 2970 itt
815 2909 979 2972 couciiium
1000 2910 1121 2972 chalce·
1167 2911 1239 2984 sibi,
1256 2911 1312 2974 sed
1326 2908 1433 2989 Pipino
1448 2908 1581 2978 tradidit:
1607 2913 1637 2968 et
1651 2905 1834 2983 imperatore
1862 2905 2028 2986 deposito.

256 2991 401 3053 donensc
415 2992 447 3052 in
462 2990 552 3071 epist.
568 2991 606 3053 ad
621 2977 768 3064 Leonem,
783 2994 917 3066 asserit,
949 2992 1061 3054 Romae
1077 2994 1122 3054 hr-
1166 2997 1262 3060 atium
1278 2993 1373 3058 creari
1385 2991 1489 3068 jussit,
1506 3006 1566 3052 non
1583 2989 1643 3052 sihi
1668 2987 1830 3066 imperium
1859 2990 2028 3069 usurparit.

257 3089 332 3134 cere
344 3075 528 3150 apostaticos
543 3073 656 3146 radios,
679 3074 731 3152 qui
745 3075 819 3135 inde
842 3089 879 3136 se
899 3075 936 3136 ad
948 3089 1057 3138 omnes
1071 3091 1121 3137 er·
1166 3079 1204 3143 th
1218 3077 1359 3140 similiter
1372 3071 1493 3152 quando
1508 3071 1635 3151 privavit
1645 3069 1788 3150 ¹Leonem
1814 3071 2029 3148 imperatorem

258 3155 411 3234 pandunt,
427 3162 458 3217 et
470 3155 552 3218 bona
566 3171 621 3216 sua
642 3172 712 3217 cum
733 3156 863 3223 caeteris
882 3162 1121 3220 communicant.
1169 3161 1340 3241 principatu
1355 3157 1527 3230 Ravennae,
1544 3171 1604 3216 non
1620 3153 1679 3214 sibi
1692 3153 1862 3214 vendicavit
1876 3154 2030 3232 principa-

264 3239 415 3316 0666666,
438 3237 505 3316 6666
520 3237 609 3299 etiam
635 3237 777 3300 ethnicus
802 3238 932 3315 scriptor
946 3240 1122 3302 Ammianus
1168 3251 1233 3306 tum
1247 3243 1347 3314 itiam,
1362 3239 1417 3302 sed
1429 3236 1556 3318 regibus
1578 3235 1847 3314 Langobardorum
1865 3237 2028 3312 permisit:

258 3319 456 3383 Marcettinus
470 3320 525 3382 tib.
538 3319 589 3389 26.
605 3319 746 3382 scribens
760 3320 800 3383 de
821 3321 986 3385 schismate
1002 3321 1122 3384 Damasi
1168 3343 1260 3406 quom
1277 3332 1378 3386 tamen
1393 3327 1498 3400 postea
1514 3317 1649 3396 Pipinus,
1666 3316 1793 3380 deviatis
1808 3317 2029 3394 LangobardiS,

261 3408 294 3462 et
309 3402 448 3475 Ursicini,
465 3402 548 3464 dicit:
561 3418 597 3466 se
611 3419 672 3464 non
687 3403 792 3464 mirari
809 3447 818 3475 ,
833 3405 860 3464 si
875 3404 1017 3466 homines
1028 3410 1122 3466 tanto
1168 3407 1305 3488 pontifici
1321 3403 1454 3468 donavit.
1467 3401 1605 3479 Denique
1620 3447 1627 3472 ,
1650 3400 1677 3460 si
1704 3401 1860 3475 deponere
1873 3399 2030 3481 principes

260 3485 364 3546 studio
378 3484 566 3547 contendunt
590 3501 645 3564 pro
670 3483 796 3547 romano
821 3485 1022 3564 pontificatu,
1052 3503 1122 3550 cum
1169 3498 1219 3553 est
1233 3505 1345 3552 cornua
1362 3492 1515 3555 excutere,
1533 3482 1839 3555 non'erunttria,sed
1855 3483 2028 3561 666166616-

260 3573 363 3630 tantae
378 3570 440 3629 sint
458 3568 526 3646 ejus
542 3584 629 3645 opes,
643 3574 674 3629 et
684 3567 864 3646 amplitudo.
1168 3591 1202 3636 ra
1217 3573 1255 3635 ah
1271 3571 1455 3646 Antichristo
1469 3564 1587 3629 evulsa:
1604 3568 1722 3648 constat
1736 3565 1829 3632 enim,
1846 3581 1862 3625 a
1878 3565 2029 3642 pontifici·

303 3649 347 3712 Ite
368 3651 506 3714 secundo
517 3650 564 3713 sic
575 3651 708 3729 loquitar
721 3650 803 3712 idem
818 3648 924 3712 tinniet
939 3650 1123 3730 6666666
1168 3657 1229 3718 bus
1244 3654 1339 3717 tuisse
1354 3648 1646 3730 depositos‚praeter
1660 3647 1792 3709 Leonem
1807 3647 1860 3708 tit.
1873 3663 2031 3726 graecum,

258 3733 457 3805 sidercharn,
474 3732 738 3811 inquinacione,
765 3738 1004 3797 6666666666
1030 3735 1124 3797 atiud
1169 3736 1420 3800 etChitdericum
1436 3730 1680 3802 truncum,etiam
1695 3727 1944 3793 Henricnmiia
1960 3732 2033 3794 Gre-

259 3817 439 3891 paroutunt
453 3821 560 3877 ortum
571 3823 616 3877 est
630 3817 670 3877 de
680 3817 788 3878 medio
804 3831 936 3890 aarum,
956 3825 985 3878 et
1005 3819 1069 3878 tria
1084 3820 1125 3880 dc
1169 3820 1255 3900 gorio
1269 3818 1335 3880 vti.
1350 3817 1502 3878 Othonem
1515 3812 1567 3874 lii.
1584 3813 1622 3874 ah
1635 3811 1812 3874 innocentio
1827 3811 1882 3884 tit,
1899 3812 2031 3876 Fridcri·

260 3897 414 3960 cornibus
434 3900 549 3976 primis
564 3898 675 3959 666666
688 3905 806 3961 sunta
825 3898 908 3974 66666
923 3899 1003 3974 ejus.
1029 3900 1065 3958 Et
1078 3901 1124 3960 in·
1171 3920 1240 3965 cum
1256 3902 1295 3964 ii.
1312 3896 1538 3962 ahlnnocentio
1554 3895 1601 3957 tv.
1619 3897 1670 3973 qui
1687 3911 1794 3958 omnes
1809 3895 1910 3974 reipsa
1936 3897 2033 3976 impe·

261 3979 309 4040 ira
325 3981 493 4058 explicans:
510 3980 620 4050 Parva,
637 3981 758 4059 inquit,
782 3986 1042 4053 concruciamur,
1070 3984 1125 4044 dc·
1169 3990 1249 4049 rium
1264 3983 1441 4046 amiserunt.
1504 4020 1520 4067 x.

263 4076 435 4142 66666666
449 4070 555 4134 erant,
572 4070 602 4125 et
613 4063 699 4124 alius
715 4071 885 4140 concerpat
901 4072 973 4141 post
987 4081 1040 4125 666
1057 4111 1065 4134 ,
1095 4069 1125 4125 66
1143 4112 1146 4117 .
1210 4067 1255 4129 06
1270 4066 1359 4130 tertio
1374 4063 1522 4126 hahemus
1538 4057 1712 4122 testimonia
1726 4067 1861 4122 veterum
1877 4060 2033 4138 apertissi-

261 4145 334 4221 ipse
345 4147 506 4223 patentior
520 4146 581 4208 erit
592 4146 769 4224 prioridie,
786 4152 815 4208 et
829 4152 891 4208 6666
905 4163 995 4225 repes
1020 4147 1124 4208 humi·
1170 4168 1231 4212 ma.
1247 4146 1422 4212 Lactantius
1437 4145 1493 4207 lib.
1511 4145 1539 4206 i.
1554 4159 1622 4222 cap.
1638 4141 1687 4205 60.
1713 4147 1756 4204 66·
1768 4143 1913 4205 irenaeus
1928 4143 1982 4204 iih.
2000 4143 2030 4205 t.

264 4227 369 4289 tiabit.
386 4228 423 4290 Et
434 4245 504 4306 cap.
524 4227 733 4305 itexplicans
748 4229 800 4306 qui
812 4230 873 4290 sint
888 4229 936 4289 isti
946 4246 1036 4308 reges
1052 4237 1124 4290 tres:
1171 4235 1287 4306 dicunt,
1304 4228 1499 4301 Antichristo,
1521 4233 1720 4304 posteaquam
1741 4224 1887 4288 occiderit
1910 4232 1970 4288 tres
1986 4241 2034 4288 re·

262 4310 371 4384 Mittet,
389 4310 497 4389 iuquit,
512 4326 650 4372 6666666
663 4326 758 4372 suam
781 4312 936 4374 interrae
952 4360 960 4384 ,
987 4318 1017 4374 66
1040 4318 1127 4374 terro
1170 4331 1227 4394 ges
1243 4331 1280 4388 66
1294 4315 1414 4385 decem,
1431 4311 1566 4388 reliquos
1589 4306 1980 4386 continuosuhjiciendos,
2004 4311 2035 4368 et

261 4390 657 4473 Aepyptimoneffuyietct
670 4393 892 4457 dominabitur
902 4395 1127 4458 thesaurorum
1170 4405 1234 4460 tum
1253 4399 1354 4476 ipsum
1370 4392 1506 4458 omnium
1520 4390 1690 4471 principem
1717 4389 1862 4452 iuturum.
1888 4391 2034 4469 iiiorony-

264 4477 343 4538 auri
357 4482 387 4540 66
401 4478 540 4554 arpenti,
557 4480 586 4538 66
599 4477 637 4538 66
651 4475 800 4538 omnihus
823 4478 971 4554 pretiosis
985 4479 1126 4557 Aepypti.
1171 4496 1241 4543 mus
1263 4483 1295 4542 in
1311 4495 1379 4557 666.
1397 4477 1447 4538 ii.
1460 4475 1537 4536 Dan.
1552 4473 1585 4533 in
1600 4473 1676 4534 iliud
1693 4473 1730 4534 ht
1744 4473 1845 4548 Arctet,
1870 4489 1948 4552 6666
1971 4489 2035 4534 666

261 4556 328 4620 Per
341 4557 477 4639 [666666
489 4574 618 4638 666666
632 4564 662 4620 et
686 4559 884 4637 Aethiopiam
912 4561 1073 4622 transibit.
1090 4559 1125 4621 In
1170 4563 1310 4626 fecerunt
1324 4567 1426 4639 patres
1443 4559 1525 4637 ejus:
1539 4555 1664 4628 Nattae,
1682 4555 1804 4634 inquii,
1834 4555 2035 4617 Aadaeonma

262 4655 344 4718 6666
359 4642 424 4702 ioca
438 4640 642 4720 Hieronymus
669 4643 821 4715 scribens,
851 4659 886 4704 66
915 4642 1080 4720 praecipue
1096 4644 1127 4703 in
1171 4646 1292 4725 666666
1305 4641 1498 4706 Antichristo
1512 4641 1550 4702 in
1564 4644 1625 4701 toto
1640 4649 1791 4718 unquam
1818 4637 1893 4700 orire
1917 4653 2034 4716 cepna-

183 4778 186 4807 ,
262 4737 334 4801 cap.
351 4723 381 4784 i.
395 4723 505 4802 inquit:
520 4723 672 4786 06666666
690 4769 697 4789 .
721 4727 810 4802 qnod
824 4741 933 4787 omnes
956 4727 1127 4803 scriptores
1171 4729 1233 4791 uit.
1246 4727 1479 4808 chrysostomus
1494 4723 1524 4782 in
1537 4721 1568 4782 2.
1584 4721 1693 4782 thess.
1717 4721 1870 4791 iusserit,
1887 4719 2035 4781 Antichri-

184 4846 185 4887 ,
265 4806 1128 4881 ecciesiasticitradidemtntinamaeamnrctioncnrun·
1172 4819 1252 4873 stum
1269 4807 1466 4872 monarcham
1481 4805 1638 4876 tutorum,
1655 4809 1685 4865 et
1700 4801 2036 4865 successurumiiomn·

264 4889 313 4960 di,
330 4890 464 4968 quando
477 4905 617 4966 6666666
642 4890 875 4951 destruendam
900 4897 944 4951 666
970 4891 1129 4952 itomana-
1173 4893 1223 4956 nis
1238 4893 1268 4954 in
1285 4890 1470 4966 monarchia,
1485 4885 1700 4972 sicutiiomani
1714 4890 1932 4948 successerunt
1943 4883 2031 4946 Grae⁴

184 5014 185 5051 3
263 4986 352 5046 rum,
369 4972 479 5034 decem
497 4972 624 5046 futurae
643 4987 745 5050 66666.
761 4972 820 5050 666
833 4972 941 5035 orbem
953 4989 1129 5035 romanum
1172 4977 1230 5042 cis.
1248 4973 1355 5038 Graeci
1370 4971 1482 5045 Persis,
1500 4969 1582 5032 Persi
1598 4967 1741 5046 Assyriis.
1934 4979 1936 4986 ⁴

264 5054 354 5115 inter
371 5069 406 5116 66
428 5055 600 5129 dividant,
629 5060 659 5116 et
672 5055 885 5116 andecimum
907 5064 1134 5129 surrecturum,
1214 5057 1352 5136 lienique
1367 5053 1497 5135 Cyrilius
1513 5051 1636 5114 Catach.
1655 5049 1703 5110 ii.
1718 5048 1802 5124 dicit,
1816 5046 2035 5112 Antichristum

266 5151 336 5196 6666
346 5150 455 5215 repent
466 5136 644 5214 pareutum
658 5136 905 5216 (Antichristum)
930 5140 989 5218 qui
1003 5145 1063 5201 6666
1077 5155 1127 5201 re·
1172 5140 1382 5205 monarchiam
1396 5139 1588 5213 adepturum,
1606 5149 1684 5208 6666
1705 5139 1800 5198 antea¹
1819 5133 1915 5194 iuerat
1929 5131 2037 5194 Romo-

263 5233 322 5294 ,666
336 5219 376 5278 de
391 5220 501 5281 decern
518 5219 648 5296 6666666
660 5224 874 5306 superaturae
888 5221 941 5292 sit,
956 5223 1050 5293 66666,
1074 5223 1129 5284 66·
1173 5223 1335 5286 norumlit
1350 5219 1424 5292 satis
1440 5224 1544 5296 aperte
1559 5214 1722 5282 deducitur
1737 5216 1813 5277 haec
1828 5216 1948 5276 Petrum
1965 5229 2036 5276 sen-

264 5300 462 5378 pypiiorum,
476 5308 506 5363 66
516 5300 656 5379 Africae,
673 5308 702 5362 et
713 5303 905 5381 Aethiopiae,
933 5304 1052 5383 666666
1077 5306 1128 5365 in·
1174 5306 1278 5380 tentia,
1294 5302 1435 5384 666666.
1452 5317 1520 5378 666.
1541 5297 1588 5358 tt.
1618 5297 1673 5358 uhi
1702 5297 1844 5372 tegimus:
1861 5297 1901 5358 Et
1927 5297 2037 5357 decern

265 5382 416 5457 66666666,
440 5385 539 5445 etiarn
567 5385 628 5445 otii
650 5391 772 5463 6666666
791 5387 1019 5464 reyes-cicinni
1046 5388 1130 5448 coita
1174 5403 1311 5459 cornua,
1327 5383 1545 5465 praecidisti,
1562 5381 2036 5458 decemreycssant.iiiunum

264 5465 463 5528 6666666666.
476 5466 563 5528 idem
578 5467 691 5528 docent
704 5469 743 5530 dc
758 5468 856 5530 tribus
870 5470 996 5547 regibus
1021 5469 1058 5530 ah
1070 5471 1130 5530 An÷
1174 5471 1346 5533 consitium
1361 5466 1521 5540 66666666
1534 5465 1728 5526 6666666666
1741 5467 1928 5541 patestatem
1941 5475 2038 5522 sanat

270 5548 408 5610 tichristo
423 5548 615 5618 occidendis,
642 5549 789 5612 irenaeus
816 5549 872 5613 hh.
895 5553 926 5613 6.
957 5551 1129 5612 iactantius
1174 5551 1292 5614 hestiae
1305 5552 1443 5613 66666666.
1459 5550 1523 5610 iloo
1539 5553 1638 5608 autem
1666 5547 1749 5607 nulio
1765 5545 1855 5606 modo
1871 5543 2037 5605 convenire

271 5631 327 5692 tth.
346 5631 375 5692 i.
392 5647 461 5710 cap.
476 5631 515 5693 te
539 5630 794 5698 etTheodoretns
818 5634 850 5694 in
880 5651 947 5713 666.
974 5633 1005 5697 i.
1032 5635 1127 5696 6666.
1173 5632 1460 5712 romanopontiiici,
1477 5637 1594 5692 certum
1616 5632 1674 5689 cst:
1704 5643 1763 5700 666
1789 5627 1871 5688 enirn
1899 5641 2037 5704 unquam

269 5713 352 5775 Diti·
1174 5715 1313 5797 pontiien
1327 5731 1380 5776 666
1395 5714 1449 5774 iuit
1466 5713 1556 5775 totius
1571 5711 1654 5773 orbis
1672 5715 1829 5771 terrarum.

312 5795 491 5859 iioaautem
504 5796 633 5862 maxime
647 5797 759 5860 reicliit
782 5797 933 5860 insaniam
960 5796 1127 5862 haeretico·
1214 5799 1258 5860 06
1275 5805 1380 5876 quarto
1396 5797 1531 5872 1666666
1552 5793 1685 5855 ioannes
1701 5796 1793 5870 Ι6666.
1823 5789 1874 5851 eh.
1896 5791 1934 5851 ut
1960 5805 2035 5850 cam

268 5894 352 5948 vum,
370 5881 422 5956 qui
438 5881 614 5958 pontiticem
625 5881 844 5943 Antichristum
872 5881 999 5943 iaciunt.
1026 5882 1132 5943 Dicant
1177 5881 1392 5945 consummati
1406 5880 1526 5953 6666666
1540 5875 1627 5937 mitte
1653 5878 1756 5949 arani,
1782 5876 1921 5936 66666666
1946 5872 2038 5932 Sata·

269 5962 352 6022 enim
374 5964 399 6022 si
415 5969 557 6042 possunt3
573 5965 766 6042 quandonam
779 5964 913 6044 pontitcx
925 5977 1068 6026 nonianus
1082 5980 1133 6026 oc·
1176 5981 1240 6027 666
1265 5966 1304 6027 de
1319 5977 1446 6024 carcere
1460 5977 1530 6028 suo.
1561 5963 1591 6019 ct
1614 5959 1714 6020 emihit
1731 6003 1739 6024 .
1756 5965 1785 6020 66
1797 5959 1926 6018 certaret
1963 5971 2039 6034 666-

271 6045 381 6114 eirterit
392 6062 481 6124 reges
496 6047 634 6124 Aegypti,
650 6047 772 6128 Libyae,
792 6047 1021 6126 ctActhiopiac,
1038 6053 1068 6109 et
1082 6062 1133 6111 eo·
1180 6057 1235 6126 tes,
1252 6063 1336 6128 6666
1350 6051 1533 6123 6666666666
1545 6045 1685 6124 pacatum*
1708 6042 1843 6120 6666666
1858 6047 1961 6101 terrac
1976 6039 2039 6116 (top

345 6141 506 6199 Brntmurrr
525 6142 592 6198 Van.
608 6143 629 6198 i.
1415 6151 1418 6158 ¹
1795 6139 1828 6192 58
