4792 7009
438 839 490 900 ,ω
1162 825 1350 888 naturane

374 979 446 1048 dem
460 989 547 1038 suern
568 967 622 1035 toti
643 966 708 1033 orbi
730 972 878 1030 terrarum
893 963 1032 1026 testatum
1046 973 1118 1028 esse
1133 966 1236 1030 nolae·
1321 963 1508 1045 Incipiamus
1520 967 1557 1030 ab
1569 967 1706 1048 Erasmo,
1719 988 1811 1053 quern
1823 975 1988 1060 llungnrioi
2000 981 2146 1064 llinistrl,

373 1096 456 1158 runa,
1279 1077 1310 1141 io
1333 1097 1370 1144 eo
1392 1082 1472 1146 libre
1494 1102 1586 1164 quem
1607 1103 1687 1150 anno
1704 1089 1793 1156 litii.
1809 1091 1918 1159 loanni
1932 1097 2009 1180 llcgi
2022 1101 2146 1168 obtule-

411 1202 527 1269 Prodiit
546 1201 628 1266 eninr
650 1214 750 1279 nuper
770 1195 872 1259 tubulu
888 1193 1078 1275 exipsorum
1098 1193 1231 1273 officina,
1279 1202 1359 1273 runt,
1377 1213 1607 1278 praecursorem
1624 1204 1792 1285 Prophetae
1807 1211 1855 1274 sui
1870 1211 1986 1278 soracti
1999 1233 2060 1282 non
2073 1219 2143 1286 sine

371 1324 405 1388 in
419 1338 480 1402 nun
494 1317 633 1384 Ecclesia
648 1313 800 1379 datlrolicu
812 1312 909 1374 instar
920 1310 1023 1390 mugnl
1034 1308 1168 1374 nedillcii
1179 1303 1236 1376 dd·
1279 1328 1388 1377 caussa
1411 1317 1655 1384 nominaverunt.
1678 1321 1825 1389 Erasmus
1845 1327 1938 1407 igilur
1958 1331 1991 1394 in
2012 1335 2140 1401 scholiis

369 1438 452 1520 picta
467 1435 624 1508 cernitur,
641 1432 673 1494 in
687 1428 781 1508 cuius
794 1433 875 1490 tecto
891 1425 1042 1488 botherus
1057 1428 1148 1490 sedet
1162 1441 1234 1490 enm
1278 1429 1363 1494 lomi
1378 1432 1434 1495 lll.
1450 1434 1654 1513 Epistularum
1670 1438 1702 1502 S.
1718 1439 1906 1525 Hieronymi,
1918 1447 2047 1516 atrianos
2064 1453 2140 1516 dicit

370 1553 448 1629 suis,
465 1550 646 1632 tegulasque
660 1549 691 1609 et
703 1545 815 1608 lateres
828 1543 921 1622 longe
936 1540 1069 1622 projicit.
1085 1539 1162 1604 lodo
1175 1557 1234 1604 nu·
1277 1559 1339 1608 non
1355 1553 1415 1610 tana
1430 1549 1582 1614 haeresim
1597 1554 1751 1629 domuisse.
1766 1575 1856 1638 quam
1872 1561 2037 1628 schismata
2048 1567 2139 1633 leots-

370 1672 441 1734 dato
453 1670 516 1750 jam
532 1672 621 1740 tectu,
638 1660 811 1742 zrringlins
825 1675 896 1722 cum
910 1659 1038 1720 cohorte
1052 1657 1233 1720 Sacrameu·
1277 1675 1324 1736 se,
1341 1679 1410 1726 curn
1425 1673 1531 1730 essent
1545 1668 1588 1730 illi
1606 1672 1719 1736 nostris
1735 1689 1863 1738 numero
1878 1676 1941 1742 iere
1956 1696 2059 1760 peres,
2076 1685 2143 1748 ele·

368 1787 514 1852 lariorum
539 1781 672 1861 pericles
697 1791 806 1856 magna
821 1774 849 1836 ri
864 1774 1006 1837 demoliri
1030 1777 1150 1852 pergit:
1174 1773 1232 1836 sed
1276 1779 1426 1858 quentia,
1450 1783 1650 1866 doctrinaque
1661 1789 1854 1868 superiores.
1872 1791 1917 1856 En
1932 1801 2094 1875 patronum
2109 1816 2141 1864 e·

369 1901 408 1969 ad
432 1898 665 1964 lundomentum
690 1891 883 1967 eruendum,
905 1894 997 1968 eique
1011 1889 1090 1952 ndeo
1105 1888 1231 1952 domum
1274 1893 1412 1973 gregium
1428 1897 1627 1974 Arianorum,
1645 1903 1698 1981 qul
1713 1905 1752 1968 ab
1768 1907 1891 1972 haeresi
1907 1910 1977 1976 illus
1992 1913 2139 1992 vindicat,

367 2024 462 2082 teiam
482 2013 621 2077 landinus
641 2009 838 2074 evertendam
853 2008 914 2087 ipsi
928 2005 1129 2079 Trltbeislac,
1145 2005 1231 2068 noui·
1275 1997 1306 2060 0²
1326 2009 1480 2075 doctiores
1501 2014 1666 2080 Catholicis
1687 2019 1779 2084 lacit:
1803 2023 1877 2103 quid
1893 2029 2025 2091 restebnt
2039 2031 2137 2110 aliud,

365 2149 428 2215 que
441 2130 543 2196 artant
557 2126 663 2192 armati
678 2125 820 2202 malleis,
837 2129 868 2188 el
884 2121 1063 2204 ligonibus,
1084 2120 1230 2201 omnique
1274 2121 1334 2186 uisi
1348 2130 1382 2188 ιιι
1396 2126 1525 2194 Auiones
1541 2129 1713 2210 Catulinus,
1731 2141 1762 2199 et
1775 2136 1948 2207 catholicos
1963 2144 2139 2212 haereticus

350 2264 481 2330 *genere
495 2247 746 2310 tornamentorum
757 2241 922 2322 diligenter
936 2239 1129 2313 incumbunt,
1141 2236 1232 2300 obliti
1274 2238 1412 2304 diceret?
1428 2243 1488 2308 Sed
1504 2263 1668 2327 pergamus
1683 2251 1720 2314 nd
1736 2253 1807 2318 ulia.

361 2365 509 2433 uidelicet
536 2360 748 2440 llrangclicam
770 2359 853 2420 illam
871 2404 879 2435 ,
894 2363 993 2436 atque
1015 2355 1229 2420 tidelissiuam
1315 2353 1503 2424 praelatione
1518 2362 1550 2424 ia
1565 2365 1662 2430 libros
1678 2367 1806 2432 llllaril:
1827 2371 1990 2438 audemus
2011 2372 2138 2458 (inquil

363 2481 476 2548 Christi
497 2494 623 2544 rocem:
638 2476 678 2540 lit
690 2491 790 2554 super
803 2475 891 2538 buce
905 2480 1032 2553 petrum
1046 2469 1226 2550 aedificabo
1271 2465 1576 2556 Erusnruslilpiritue
1587 2488 1738 2548 tumetum
1749 2488 2037 2569 appellurclieum,
2046 2496 2137 2574 quod

363 2603 543 2669 Ecclesiam
555 2616 680 2676 meam,
698 2604 727 2660 ct
737 2603 853 2677 portae
865 2597 966 2675 inseri
977 2593 1228 2673 neupromulc·
1275 2587 1393 2652 Veteres
1414 2595 1490 2656 oaesi
1504 2611 1575 2660 ooo
1586 2605 1675 2662 aunt.
1692 2601 1716 2663 0
1732 2605 1925 2668 mendacium
1940 2607 2137 2674 incredibilcl

366 2723 446 2785 hamt
459 2721 616 2783 aduersus
631 2733 716 2780 com.
732 2715 794 2779 Sed
808 2715 847 2778 dc
862 2713 1017 2794 prioribus
1028 2713 1163 2776 bostium
1175 2727 1226 2776 co·
1268 2703 1373 2770 Nonne
1387 2705 1521 2774 Hilarius
1536 2713 1624 2795 lpse,
1642 2715 1675 2779 in
1689 2735 1789 2796 unum·
1799 2721 1968 2800 pmeicris,
1984 2725 2022 2788 ad
2038 2724 2134 2792 llnern

361 2837 423 2919 piis
437 2837 506 2898 latis
521 2835 627 2908 multa,
645 2835 676 2894 ni
691 2834 791 2909 lollor,
807 2833 887 2894 dicta
902 2836 987 2894 sunl.
1270 2819 1417 2888 librorum
1433 2825 1471 2890 de
1487 2825 1633 2894 Trinitate
1654 2835 1798 2913 spirituo
1814 2836 1954 2900 sanctum
1969 2855 2035 2903 rem
2049 2857 2136 2907 creu-

402 2954 566 3018 Veniamus
581 2951 618 3016 od
631 2950 830 3031 posteriores.
843 2950 918 3013 Rem
930 2963 1083 3029 magnum,
1096 2963 1132 3009 ac
1142 2961 1225 3026 pene
1269 2940 1329 3000 lem
1344 2955 1416 3004 esse
1432 2946 1539 3026 negoti
1550 2953 1580 3010 el
1590 2949 1617 3010 si
1628 2965 1679 3012 res
1689 2957 1790 3014 crecta
1804 2969 1864 3016 non
1877 2959 1935 3030 cst,
1949 2955 2022 3036 quid
2033 2956 2133 3036 uliud,

362 3069 577 3134 incredibilem
592 3068 730 3130 dicturus
745 3083 825 3141 sum,
840 3065 897 3128 scd
912 3066 984 3128 nolo
999 3065 1073 3127 mihi
1089 3065 1176 3143 prius
1189 3061 1225 3126 ss·
1269 3073 1386 3136 quaeso
1400 3106 1409 3137 ,
1424 3079 1517 3142 quam
1531 3064 1613 3128 bcus
1629 3067 1703 3130 esti
1717 3067 1824 3131 Nonne
1840 3070 2023 3137 Attuausius
2037 3074 2071 3138 in
2085 3075 2134 3140 di·

362 3185 435 3250 dem
452 3184 570 3260 baberi,
587 3199 677 3263 quarn
692 3197 759 3245 rem
773 3187 865 3243 tetam
881 3180 963 3243 Solis
976 3181 1047 3242 lucc
1062 3178 1224 3245 clariorem
1268 3177 1442 3254 epulatione
1455 3195 1525 3242 num
1537 3181 1618 3262 irim
1631 3183 1762 3247 Basilius
1773 3185 1852 3254 libro
1865 3187 2029 3270 despicitur
2041 3205 2134 3257 sene·
2211 3171 2212 3192 1

361 3301 507 3365 elleccro.
523 3299 720 3379 Consurgunt
731 3299 793 3361 boo
807 3303 945 3377 tempore
960 3297 1098 3376 undique
1110 3296 1224 3359 Lnlhn-
1268 3299 1299 3356 to
1313 3313 1381 3375 eap.
1399 3295 1448 3359 te.
1465 3296 1671 3362 Nazianzenus
1687 3299 1829 3366 Oratione
1844 3303 1876 3366 in
1890 3304 2066 3387 Heronem
2081 3310 2134 3374 bl·

359 3416 444 3491 rani,
459 3415 731 3490 llelanohthonlcl‚
747 3413 945 3494 hovingham,
962 3413 1155 3490 calvinistae,
1171 3413 1224 3476 ad·
1268 3411 1378 3492 dumus
1392 3413 1422 3475 ln
1438 3415 1538 3493 primo
1552 3415 1591 3478 de
1607 3415 1720 3495 Spiritu
1736 3425 1862 3498 senolo;
1878 3421 2057 3490 lmbmslns
2072 3425 2130 3490 lib.

360 3549 470 3596 uersus
491 3532 694 3596 Trltbeistas:
712 3547 904 3612 peromnem
920 3529 1115 3593 Germaniam
1129 3577 1138 3608 ,
1154 3529 1223 3592 dol·
1268 3527 1299 3593 3.
1315 3529 1354 3594 de
1368 3531 1477 3612 spiritu
1490 3538 1596 3597 sancto
1613 3551 1682 3615 cap.
1694 3535 1726 3598 2.
1738 3534 1929 3616 Augustinus
1943 3539 1999 3605 lib.
2013 3542 2043 3607 l.
2055 3557 2134 3610 een·

358 3650 444 3726 liam,
460 3650 616 3712 Pelonlarn
631 3648 702 3711 libri
715 3649 953 3710 rulitantcontra
966 3651 1136 3722 seruolum,
1150 3662 1223 3710 ceu·
1267 3652 1312 3710 tm
1333 3647 1551 3730 liauinainum3
1573 3651 1729 3733 llyssenus
1744 3653 1775 3715 ln
1790 3654 1869 3717 libre
1891 3657 1973 3736 qued
1994 3659 2131 3742 Spiritus

359 3773 406 3829 tra
421 3767 583 3845 Gentilem,
597 3773 701 3830 eontra
712 3767 913 3840 blandratum,
927 3771 1030 3828 cooua
1042 3763 1222 3845 Gregorium
1267 3770 1393 3828 sanctus
1407 3764 1447 3829 sil
1461 3766 1565 3844 bens,
1583 3772 1613 3832 ct
1628 3769 1739 3832 caeteri
1755 3769 1859 3834 Petrus
1874 3789 2004 3852 ornnes,
2020 3783 2052 3845 et
2066 3779 2131 3842 elc-

359 3883 499 3961 Paulum
517 3891 622 3948 eontra
636 3885 791 3947 llinistros
805 3883 836 3947 in
852 3884 977 3947 Potonin
991 3889 1084 3966 atque
1098 3885 1222 3966 ilunga-
1266 3877 1400 3960 tissime,
1416 3889 1447 3945 et
1461 3881 1710 3964 frequentissime
1722 3885 1869 3966 Spiritum
1880 3895 2021 3953 sanctum
2031 3890 2133 3960 Deum

357 4002 414 4074 ria,
430 4002 478 4064 rel
492 4001 682 4079 tricoccum
697 4001 926 4081 samosatenum
939 4017 1046 4066 noram
1058 4001 1223 4068 bancdoc·
1268 3996 1449 4060 nominanti
1464 3999 1524 4062 Sed
1539 4007 1659 4064 caetera
1676 4001 1843 4067 viduatus.

358 4118 469 4180 trinum
491 4116 581 4196 qnasi
602 4119 724 4198 signum
747 4119 901 4197 quoddam
917 4117 948 4180 in
964 4120 1066 4183 medio
1081 4119 1222 4200 proposi·
1307 4112 1511 4181 innotatione
1533 4117 1565 4180 in
1587 4117 1663 4182 illud
1684 4119 1813 4186 Romen.
1829 4121 1860 4185 ll.
1876 4123 1930 4190 lim
1951 4125 2071 4206 quihus
2084 4137 2131 4195 cst
2211 4087 2212 4162 3

357 4240 422 4296 tum
443 4234 624 4297 confodiunt
639 4236 706 4297 telis
721 4235 867 4298 librorum
884 4252 1021 4298 saturum.
1037 4235 1081 4298 Ex
1096 4235 1218 4300 Genese
1270 4230 1410 4294 Gloriettts
1423 4237 1604 4300 acciendum
1618 4251 1761 4314 euntem,
1778 4239 1837 4319 gui
1850 4244 2004 4320 estsuper
2014 4248 2131 4310 emmiu

357 4347 500 4413 dalrlous
515 4359 545 4413 et
558 4351 635 4413 lieno
651 4370 661 4430 3
683 4368 721 4415 ex
741 4351 958 4432 Witiemberga
979 4351 1140 4434 Philippus
1155 4353 1217 4418 lle-
1266 4347 1350 4412 Deus
1372 4349 1557 4416 benedictus
1570 4353 1609 4418 iu
1621 4355 1767 4418 soeculo.
1783 4354 1890 4418 llirnm
1906 4361 1954 4420 cst
1969 4357 2043 4439 quid
2064 4377 2130 4426 non

355 4467 535 4546 lancbthon3
551 4467 595 4530 Ειι
609 4470 720 4550 ligure
735 4470 886 4533 Slnrlerns
900 4489 936 4533 ac
951 4470 1157 4553 Balliogerus3
1171 4471 1217 4535 Ex
1262 4465 1509 4545 mallissimus,
1526 4485 1587 4549 qno
1602 4486 1637 4534 se
1652 4485 1714 4534 non
1730 4476 1835 4544 vertat,
1851 4473 1925 4551 quid
1941 4490 2004 4539 uon
2018 4477 2129 4542 mulia·

243 4607 246 4613 ¹
358 4582 456 4646 Berua
472 4585 656 4648 benedictus
670 4586 813 4664 hrelius3
829 4603 864 4651 ex
880 4587 981 4667 lipsio
996 4588 1166 4652 Alexander
1179 4589 1215 4650 ll·
1262 4588 1311 4646 tur
1327 4631 1335 4662 ,
1358 4589 1391 4648 ιιι
1411 4585 1472 4649 hoo
1492 4587 1586 4650 telum
1602 4587 1641 4652 de
1656 4587 1798 4653 monibus
1811 4591 1910 4654 nobis
1933 4597 2125 4676 extorqueat.

357 4699 466 4777 leslus,
479 4700 523 4763 lix
533 4701 695 4784 llorpurgn
708 4703 845 4766 Andreas
860 4703 1023 4785 Hyperiu53
1036 4705 1079 4768 Ex
1091 4705 1217 4770 Poloniu
1260 4699 1394 4766 Primum
1415 4717 1523 4766 loeem
1544 4701 1676 4786 (neue)
1698 4706 1924 4785 supposititiam
1938 4709 2002 4772 tull
2015 4709 2127 4778 rideri.

356 4816 526 4880 Staoislans
548 4818 720 4896 Sarnitins3
743 4820 786 4882 lix
806 4820 958 4901 Hungaria
974 4819 1080 4885 Petrus
1095 4823 1216 4886 hellus.
1260 4817 1379 4882 Deinde
1400 4817 1441 4880 eit
1462 4819 1546 4884 hunc
1567 4821 1669 4884 locum
1688 4837 1750 4884 non
1765 4838 1837 4886 esse
1852 4823 2009 4894 efficacem
2024 4827 2061 4888 od
2077 4843 2129 4892 re·

355 4930 432 4996 Allis
453 4949 491 4998 en
511 4934 588 4998 loeis
608 4935 685 5000 toan
710 4953 744 5000 es
765 4937 942 5018 wigandus,
964 4937 1100 5002 lacobus
1121 4939 1217 5003 Sehe·
1259 4933 1430 4998 uincendus
1440 4933 1578 5000 Arianos.
1594 4937 1733 5018 benique
1744 4936 1790 5002 sic
1802 4939 1917 5019 optime
1929 4941 2039 5021 exponl
2051 4957 2126 5022 pos·

352 5049 465 5124 alcius,
489 5051 672 5116 Franciscns
688 4953 878 5127 {lanearum
894 5062 926 5120 et
939 5056 1009 5136 quis
1025 5057 1103 5120 nenl
1118 5057 1217 5136 dique
1259 5067 1294 5114 sc
1309 5051 1410 5129 docel,
1424 5058 1457 5116 nt
1467 5059 1537 5134 post
1547 5053 1598 5116 illu
1611 5055 1714 5118 verba:
1728 5054 1782 5120 Em
1793 5055 1910 5136 quibus
1922 5063 1966 5122 eet
1978 5055 2124 5126 Christus

354 5167 387 5230 bi
409 5182 518 5232 ornnes
539 5185 610 5233 curu
629 5171 761 5252 Papistis
783 5172 823 5236 de
843 5173 988 5238 'lrlnitnte
1009 5176 1143 5253 sentire,
1161 5191 1217 5239 sex
1259 5171 1441 5234 seeundum
1455 5187 1610 5236 curnem:
1625 5171 1807 5253 interposito
1823 5182 1936 5254 puncto
1952 5219 1960 5247 .
1976 5181 2124 5257 sequetur

353 5286 450 5362 prime
472 5285 607 5350 concilia
621 5287 759 5352 uenerari
773 5337 782 5365 ,
798 5297 917 5354 veteres
931 5291 1036 5356 Patres
1065 5309 1135 5356 cum
1156 5293 1212 5357 bo·
1260 5287 1337 5350 tilio
1353 5286 1515 5367 militium
1529 5331 1537 5361 ι
1552 5303 1651 5367 stupea·
1665 5288 1778 5352 omnic
1792 5288 1892 5365 Deus,
1909 5290 2055 5356 videlidet
2067 5291 2121 5354 Pn-

354 5417 430 5465 nore
450 5404 612 5484 recipere,
629 5405 814 5485 Sabeltinm,
831 5407 1072 5484 Samosatennm,
1096 5409 1213 5485 Arium,
1253 5412 1320 5478 ter,
1336 5407 1378 5470 sit
1393 5405 1578 5469 benecdictum
1591 5405 1630 5468 im
1642 5407 1788 5470 soeculo.
1804 5410 1848 5468 ln
1863 5413 1981 5484 poterat
1996 5405 2119 5472 munile·

354 5516 536 5597 Nestorium,
550 5521 762 5604 liutpcbetem,
775 5539 945 5604 omnesque
966 5523 1139 5589 haereticos
1160 5525 1215 5590 de·
1259 5523 1336 5586 stins
1351 5521 1492 5587 Arionem
1506 5537 1646 5586 caussam
1662 5521 1822 5602 suscipere
1837 5521 2078 5588 detoodcodont

354 5635 457 5696 testari
473 5653 508 5698 se
522 5637 639 5702 dicunt.
656 5640 732 5717 Quis
746 5641 838 5718 igitur
852 5657 913 5703 oon
929 5640 1098 5716 mirabitur,
1111 5641 1138 5705 si
1152 5649 1213 5706 tom
1298 5638 1503 5702 anooutiono
1524 5639 1556 5703 in
1575 5639 1653 5716 illud
1675 5639 1795 5720 Ephes,
1811 5637 2012 5722 stercorio
2029 5639 2124 5704 emate

351 5751 449 5828 istos,
466 5768 556 5833 quarn
572 5769 643 5830 eos,
659 5773 738 5837 qnos
754 5755 814 5837 ipsi
829 5773 884 5837 pro
900 5758 1054 5839 magistris
1069 5763 1101 5822 et
1125 5760 1214 5840 qnasi
1259 5761 1288 5818 ct
1300 5754 1369 5818 Dei.
1383 5755 1506 5832 immin,
1523 5756 1632 5837 inquit,
1648 5757 1686 5820 id
1698 5755 1783 5820 elios
1797 5757 2043 5836 admonuimus,
2059 5757 2122 5820 Po·
2211 5831 2212 5836 ,

351 5869 511 5948 Prophetis
533 5873 660 5950 colunt,
677 5875 847 5953 lirasmnnr,
864 5893 900 5940 oo
913 5875 1091 5954 lutherum,
1104 5879 1163 5942 rel
1177 5878 1214 5940 l·
1258 5879 1340 5939 trem
1353 5887 1396 5938 cuc
1411 5873 1645 5938 comuetudioe
1664 5876 1821 5939 scriaoois
1835 5873 2010 5954 apostotici
2019 5873 2123 5954 signi·

357 5986 480 6060 nonos,
506 5989 552 6052 ael
569 5989 782 6066 Snbclliaoos,
799 5992 847 6055 nel
860 5992 1074 6074 Nestorianoa,
1095 5993 1216 6061 tellin-
1258 5990 1372 6071 ticoni,
1395 5993 1518 6074 pendes
1539 5993 1620 6054 lletce
1635 5989 1779 6054 obsolute
1792 5993 1996 6056 nominetur.
2012 5991 2047 6052 tt
2062 5991 2125 6053 hoc

359 6101 515 6182 tpcbianos
529 6105 638 6185 luisse,
655 6105 865 6175 demonstrare
878 6111 1031 6190 petncrot
1260 6125 1331 6175 cum
1345 6107 1423 6176 lauet
1436 6109 1556 6175 Arianis
1570 6105 1746 6190 plurimum,
1762 6111 1826 6172 tum
1842 6112 1890 6174 est
1904 6107 2016 6173 lalsnm
2032 6119 2123 6187 aper·
2211 6153 2212 6158 ,
