4792 7009
1043 720 1141 779 libau
1161 719 1334 779 SECUNDUS
1954 726 1989 783 ov

195 854 196 865 ’
288 857 534 928 hebraearum
556 854 618 919 nou
639 856 740 919 delivit
761 872 821 920 aee
843 859 873 919 in
889 856 1028 919 versione
1041 856 1151 934 billi,
1202 863 1260 917 nes
1283 858 1366 917 omni
1392 859 1529 934 tentpor'a
1555 860 1655 921 lovum
1668 859 1804 925 ‘babent
1819 860 1936 924 uoinbe
1951 861 2063 945 sipost

290 964 351 1011 uae
362 944 394 1009 iu
411 939 589 1021 Hieronymi
600 940 991 1018 transtatiunonemplum
1006 942 1154 1007 babemus
1200 935 1322 999 illorum
1347 937 1467 1016 ravam
1488 946 1623 1017 tempora
1646 942 1821 1019 delmtfll‘il
1848 945 2062 1029 1¹¹i⁰0⁰liitltr
2138 992 2148 1009 ι

287 1029 389 1093 Haud.
405 1026 437 1088 2.
453 1022 509 1085 ubi
523 1023 612 1085 deest
625 1029 722 1085 totum
737 1023 826 1085 illud.
842 1024 948 1086 iliram
961 1038 1090 1105 quoque
1104 1042 1154 1105 pa·
1201 1026 1260 1096 soi3
1286 1034 1365 1099 quae
1379 1037 1489 1083 caussa
1503 1024 1589 1085 reddi
1604 1032 1722 1103 posset,
1739 1042 1793 1087 rur
1808 1029 1993 1103 psalmarum
2017 1036 2062 1094 iu-

285 1114 375 1183 aruit,
392 1116 423 1173 et
434 1105 561 1169 vovebit
572 1118 693 1169 tremere
707 1105 780 1184 ejus
790 1106 920 1171 Hliozer
934 1108 1054 1179 diretta
1071 1106 1155 1172 Deua
1200 1105 1378 1181 iorpreiatio
1403 1105 1633 1185 hieronymiano
1658 1106 1697 1169 ila
1723 1124 1792 1170 eum
1809 1116 1889 1169 textu
1906 1112 2060 1190 bebraieo,

281 1195 380 1276 patri
399 1190 466 1255 mei
486 1188 670 1252 armillatus
685 1195 731 1251 eoi
743 1188 835 1264 mibi,
850 1188 1037 1253 deliberavit
1049 1190 1101 1255 me
1115 1193 1155 1256 rie
1201 1184 1256 1261 oui
1276 1201 1360 1247 nune
1373 1193 1481 1262 exstat,
1497 1188 1528 1249 in
1544 1190 1689 1253 omnibus
1703 1192 1902 1253 reinveniret?
1916 1202 1947 1255 et
1961 1204 2063 1260 tamen

288 1292 400 1344 martit
413 1271 607 1337 Pharaonis.
1143 1278 1150 1292 ¹
1200 1266 1241 1329 de
1262 1269 1449 1345 psalmorum
1465 1274 1679 1351 depravatione
1694 1275 1856 1353 praecipua
1874 1279 2062 1349 veterimenta

330 1360 386 1423 llis
401 1359 493 1439 igitur
506 1353 643 1427 omissis,
659 1352 711 1433 qui
723 1352 868 1417 hebruino
878 1351 951 1415 ionti
966 1354 1088 1418 nimiam
1101 1374 1155 1436 po·
1201 1356 1260 1411 esi.
1274 1350 1350 1415 itum
1366 1353 1405 1414 ite
1420 1353 1623 1436 Hieronymus
1638 1360 1737 1424 vertit.
1754 1360 1834 1418 siout
1847 1354 1926 1418 luda
1936 1360 1955 1420 vi
1975 1361 2064 1425 laisa·

286 1446 414 1505 ritatem
429 1438 506 1503 iolso
522 1436 702 1513 attribuunt;
718 1438 785 1502 aliis
797 1452 919 1516 quoquo
932 1441 1155 1503 occurrendum
1201 1434 1260 1493 luti
1276 1435 1386 1495 erant?
1400 1448 1503 1514 nouae
1518 1440 1567 1498 bis
1582 1447 1732 1516 repugnat
1746 1440 1834 1502 torus
1848 1440 1928 1519 pal.
1942 1438 1993 1504 ia.
2011 1444 2064 1508 arbi

285 1528 421 1597 videtur,
448 1519 501 1599 goi
526 1520 593 1581 aeto
613 1520 737 1598 quidem
751 1519 845 1593 bono,
861 1521 917 1583 sed
934 1521 1039 1583 neseio
1054 1538 1091 1583 au
1107 1538 1156 1585 se·
1200 1513 1405 1595 fll⁰i⁰⁰l¹¹¹⁰⁸
1430 1521 1528 1586 ibim·
1548 1521 1711 1595 Metilii·
1729 1520 1762 1583 ¹¹¹
1779 1522 1947 1587 flliiltssth
1969 1528 2064 1600 onim,

285 1610 427 1671 randum
449 1603 624 1677 seientiam,
648 1602 774 1664 omnino
795 1602 1000 1677 enatandum,
1023 1602 1155 1669 ludaeos
1200 1612 1293 1674 ouem
1308 1608 1378 1678 post
1392 1600 1566 1681 Hieronymi
1584 1612 1718 1683 tempora
1733 1608 2066 1683 seripseruntmonent

284 1691 321 1753 iu
343 1691 451 1753 odium
472 1686 655 1748 ebristiaune
675 1682 747 1747 iidei
763 1686 900 1747 studiose
915 1685 1109 1763 depravasse,
1127 1694 1158 1752 et
1201 1678 1332 1743 Robbini
1346 1683 1377 1742 iu
1393 1684 1471 1760 psal.
1486 1684 1538 1746 2²·
1551 1686 1643 1747 suilli
1659 1688 1774 1750 debere
1786 1688 1879 1767 itti)
1891 1706 1952 1753 non
1969 1691 2066 1769 r'tiiit

284 1774 469 1851 corrupisse
494 1767 587 1829 multa
614 1768 679 1829 loeo
695 1766 929 1846 Scripturarum.
947 1768 988 1830 lta
1005 1770 1095 1833 duret
1108 1770 1155 1833 ιιι·
1201 1766 1663 1847 eltl¹1⁰0iid0⁰²⁰l⁶⁰¹llili¹¹¹b
1680 1784 1784 1834 litote
1797 1774 1967 1836 scribarum
1982 1785 2066 1837 nuno

284 1856 390 1919 cobus
405 1852 571 1933 episeopus
580 1848 1021 1929 Cbrisiupolitauuspraotetin
1031 1854 1154 1933 psalm,
1199 1844 1264 1924 letti
1285 1848 1388 1921 ”dsta-

285 1945 321 2003 „y
336 1937 440 2001 canus
456 1934 509 1997 rip,
525 1932 557 1994 ι.
573 1950 641 2009 aap.
660 1931 710 1995 13.
726 1932 765 1994 da
780 1932 840 1996 loa.
867 1936 1001 2015 turning.
1242 1929 1460 2022 tegumentum
1483 1930 1606 1995 tertium
1630 1933 1711 1997 sumi
1726 1941 1826 2013 potest
1839 1934 1877 1999 ab
1889 1937 2068 2002 incredibili

331 2014 1032 2101 regnantauramadvarsusvanosententian
1044 2018 1156 2097 gavis-
1199 2011 1352 2089 religione
1376 2012 1563 2076 ludaeorum
1589 2030 1660 2096 ergo
1681 2032 1787 2081 saeros
1814 2019 1921 2083 libros.
1951 2020 2067 2085 Saribii

286 2104 370 2166 sima
387 2106 574 2181 argumenta.
594 2099 725 2161 Primum
741 2106 790 2161 esi
804 2098 944 2179 Origenis
960 2101 989 2160 in
1006 2100 1035 2162 8.
1054 2102 1107 2164 tib.
1124 2107 1155 2164 in
1200 2092 1287 2155 Plailo
1312 2094 1343 2155 in
1359 2095 1439 2157 libro
1453 2096 1492 2158 de
1505 2113 1632 2176 egressu
1657 2098 1790 2162 illiorum
1805 2101 1899 2165 lsrael
1915 2102 1956 2165 ab
1970 2103 2065 2185 dogy-

287 2186 415 2253 lsainm,
437 2189 471 2245 ut
491 2180 697 2262 Hieronymus
718 2178 810 2244 roiert
824 2182 855 2243 in
871 2197 938 2261 vop.
955 2181 986 2243 b.
1002 2182 1109 2260 isaiae,
1127 2192 1158 2247 ei
1204 2185 1268 2255 1³¹⁰,
1290 2181 1322 2239 el
1334 2179 1444 2241 aitvrur
1458 2180 1548 2241 etium
1563 2181 1602 2241 ab
1619 2180 1752 2244 Eusebia
1766 2184 1822 2245 tib.
1838 2182 1869 2245 b.
1886 2200 1916 2246 e.
1932 2187 1964 2249 2.
1981 2199 2067 2263 prae·

283 2266 464 2349 Hieronymi
489 2265 602 2325 ibidem
625 2264 676 2340 gui
699 2266 781 2327 hune
802 2264 832 2326 in
855 2266 979 2326 modum
995 2268 1153 2328 ratinotnn·
1200 2275 1267 2337 por·
1292 2260 1432 2341 evangel.
1453 2278 1552 2340 usque
1577 2263 1616 2325 ad
1641 2280 1696 2326 sua
1713 2274 1848 2345 tempora
1864 2278 1921 2344 per
1935 2270 2068 2347 apetium

281 2358 357 2415 tur:
382 2352 412 2413 Si
428 2350 600 2425 Scripturas
615 2346 747 2409 Hebraei
763 2347 927 2423 aliquando
942 2357 1155 2427 corruperunt,
1202 2342 1334 2421 bilbilim
1359 2358 1451 2424 quam
1475 2346 1605 2409 (limium
1621 2346 1928 2422 ¹¹¹lffi⁰¹1¹⁸ss⁰⁰l⁰fflv
1945 2359 1987 2412 ¹¹⁰
2002 2364 2068 2411 ibr-

288 2436 341 2498 vel
369 2435 398 2495 id
419 2433 558 2495 leserunt
572 2434 642 2492 anie
658 2430 766 2493 Christi
782 2430 957 2500 adveniam,
974 2432 1020 2493 vel
1036 2444 1154 2511 postea.
1202 2425 1275 2486 bum
1300 2429 1424 2504 quidem
1449 2426 1546 2489 livisse
1571 2444 1706 2509 unquam
1727 2432 1757 2492 in
1773 2432 1843 2511 loge
1858 2432 2068 2495 Hebraeorum

286 2516 320 2579 Si
343 2522 447 2592 antea3
470 2530 563 2593 quare
588 2510 725 2575 cbristus
739 2517 770 2574 et
784 2514 912 2591 apastoli
927 2528 1084 2593 nunquam
1100 2528 1155 2577 eos
1201 2506 1403 2581 immutatum,
1429 2514 1461 2570 et
1484 2511 1653 2589 quemlibet
1667 2512 1817 2575 iudaeum
1832 2517 1950 2577 oeniies
1965 2517 2068 2595 potius

282 2600 324 2662 de
340 2605 404 2660 tara
420 2597 534 2676 insigni
550 2595 678 2657 erimine
689 2596 964 2674 reprehenderunt,
980 2600 1157 2675 praesertim
1203 2591 1488 2669 moriturum,quam
1505 2601 1537 2653 ιιι
1552 2602 1707 2673 pateretur
1721 2597 1822 2677 legem
1837 2598 1867 2659 in
1884 2598 1986 2676 atiquo
2001 2612 2068 2661 mu*

284 2696 360 2745 eum
382 2680 496 2743 leviora
521 2696 580 2739 non
596 2676 763 2739 taeuerintt
778 2677 877 2749 Ouure
891 2677 1039 2741 Dominus
1054 2680 1095 2741 eit
1109 2680 1156 2741 ln:
1203 2672 1273 2734 ieri·
1300 2674 1343 2735 lle
1357 2673 1576 2754 superstitione
1598 2682 1701 2740 aoiem
1715 2683 1920 2741 recentiorum
1934 2681 2067 2743 ladaeo·

286 2765 319 2827 5.
351 2762 556 2827 Scrutamini
580 2760 778 2843 scripturam
803 2767 834 2821 et
854 2759 958 2823 ltottb.
975 2761 1026 2824 ιι.
1054 2762 1160 2841 Super
1202 2761 1282 2830 rum,
1309 2756 1361 2835 qui
1387 2757 1488 2835 legem
1515 2759 1580 2822 tera
1600 2767 1633 2821 ut
1647 2776 1760 2823 numen
1777 2765 1913 2837 adorant,
1931 2768 1961 2825 et
1975 2762 2001 2825 si
2017 2763 2072 2825 ali·

287 2847 481 2909 ratbedruvrt
504 2844 603 2925 Mopsi
617 2844 773 2906 sedmual
785 2844 911 2906 scribae
926 2852 956 2905 et
975 2845 1157 2928 plarioaeg
1203 2837 1325 2931 quaudo
1340 2841 1371 2901 iu
1386 2846 1496 2901 terram
1512 2842 1669 2918 eeeiderit,
1683 2843 1838 2923 jejunium
1852 2845 2011 2922 publioum
2023 2845 2070 2907 iua

287 2930 404 2992 omnio
429 2942 504 3003 erpo
519 2938 744 3006 gemmamque
758 2926 906 2988 dioreriol
918 2928 1006 2989 oabia
1020 2936 1156 3005 servate,
1203 2926 1322 2997 drauum
1346 2922 1416 2983 vide
1439 2920 1588 2985 loannem
1614 2924 1700 2987 Isaeo
1715 2928 1745 2986 in
1761 2929 1965 3005 responsione
1980 2928 2017 2990 ad
2031 2928 2072 2990 ti·

285 3024 315 3075 et
328 3014 447 3090 sae-ite?
463 3011 516 3072 Cari
533 3009 683 3071 eredibile
698 3010 767 3071 orit.
784 3008 936 3071 duriatum
951 3013 987 3071 ad
1001 3019 1159 3089 corruptas
1202 3002 1278 3065 bros
1301 3004 1428 3067 lindebi
1443 3005 1483 3068 do
1497 3009 1613 3087 optimo
1626 3022 1743 3089 genere
1755 3010 1976 3089 interpretandi
1992 3010 2071 3075 Seri·

282 3097 461 3174 Scripturas
477 3092 625 3171 legendas
641 3094 708 3153 sine
724 3092 784 3152 ulla
803 3094 1045 3168 praemonitione
1061 3094 1158 3155 borni·
1201 3093 1318 3164 piures.
2046 3118 2050 3123 ·

282 3192 344 3241 aes
370 3175 531 3238 invitasse:
553 3174 602 3237 vet
619 3175 655 3235 ad
672 3180 866 3251 corruptores
881 3176 1051 3236 audiendos
1067 3182 1097 3236 et
1111 3190 1158 3237 se·
1244 3169 1473 3248 Argumentum·
1489 3178 1642 3250 quanam:
1663 3171 1695 3235 Si
1709 3172 1815 3237 lvrrlaei
1831 3172 1941 3246 latrare
1955 3175 2072 3238 voluis·

282 3262 432 3337 avondus
446 3255 644 3318 emendasse?
656 3255 708 3319 Siu
724 3262 824 3317 aulem
842 3264 910 3335 pust
925 3256 1034 3320 christi
1048 3260 1157 3321 adven·
1202 3256 1275 3313 seul
1287 3252 1406 3315 divinas
1421 3253 1593 3332 Scripturas
1606 3254 1638 3317 lu
1650 3258 1755 3317 odium
1768 3254 2066 3332 Claristianorum,sl1

282 3350 363 3405 gum.
380 3342 411 3403 m
438 3340 550 3402 [aarum
577 3346 636 3413 ειη
662 3354 723 3417 quo
748 3345 837 3417 paeto
862 3340 1033 3401 testimonia
1049 3356 1157 3417 quave
1203 3350 1244 3395 ue
1259 3333 1353 3397 dubio
1368 3338 1531 3415 praecipua
1545 3338 1686 3399 vatieioia
1695 3338 1905 3402 sustulissent.
1918 3340 1952 3402 ld
1965 3348 2068 3403 autem

283 3426 410 3488 dlvristo
426 3432 453 3485 et
472 3422 617 3501 apostolis
632 3421 772 3492 vitantur,
800 3424 902 3485 omnia
918 3422 982 3485 lere
996 3422 1159 3484 inveniun·
1202 3420 1332 3480 minima
1346 3420 1497 3498 iecerunt3
1510 3420 1663 3499 siquidem
1675 3434 1711 3482 ea
1724 3423 1755 3482 ia
1769 3422 1884 3499 quibus
1895 3422 2071 3503 discrepant

285 3517 334 3570 tur
364 3522 449 3569 nune
474 3506 503 3566 in
530 3506 633 3586 tloyse
656 3510 686 3567 el
701 3505 869 3583 propbetis,
884 3510 917 3566 ut
937 3504 976 3567 ab
994 3505 1056 3568 iltis
1071 3506 1159 3569 vitata
1202 3499 1336 3565 hebraea
1355 3496 1790 3581 adrveotsvtiarinieaaepe
1806 3506 1922 3569 nuttios
1935 3520 2072 3569 momen·

285 3590 378 3653 sunt?
393 3588 533 3667 Houqrrid
550 3589 627 3650 torte
642 3588 688 3650 sie
703 3602 737 3649 aa
754 3588 956 3666 protulerunt,
974 3594 1007 3650 ui
1024 3604 1079 3665 per
1093 3590 1156 3665 spi·
1203 3586 1225 3644 tr
1251 3590 1335 3658 suulv
1362 3592 1511 3664 quonium
1537 3588 1643 3648 illinet
1658 3586 1695 3647 td
1709 3586 1815 3653 fidem.
1830 3595 1863 3650 el
1875 3590 2070 3669 religionem,

285 3674 381 3737 ritum
410 3670 640 3749 vngrvoseebant
661 3670 851 3748 depravanda
865 3672 1059 3749 postmodum
1076 3688 1091 3731 a
1106 3670 1157 3735 Ju·
1204 3670 1237 3727 ei
1256 3682 1351 3747 saepe
1376 3671 1502 3732 aodiaes
1527 3670 1653 3733 trebraet
1676 3671 1775 3748 magis
1799 3669 1935 3734 luder-os
1949 3677 2069 3743 textuit

283 3758 374 3820 daris
389 3754 504 3817 luisse?
516 3754 611 3833 igitur
626 3752 652 3814 si
667 3766 725 3813 uee
740 3758 821 3819 anie.
839 3768 897 3814 nee
913 3760 981 3832 post
996 3756 1158 3816 salvatoris
1206 3766 1298 3829 quem
1324 3754 1425 3828 graeei
1447 3760 1500 3814 aut
1514 3751 1610 3814 latini.
1638 3750 1726 3813 Corte
1742 3753 1772 3811 in
1788 3752 1818 3812 2.
1835 3757 1912 3831 psat.
1930 3755 2025 3815 latini
2041 3758 2072 3816 ei

286 3840 453 3901 adveniam
481 3850 586 3898 sarrae
601 3834 708 3897 literae
723 3834 761 3896 ab
776 3834 924 3899 Hebraeis
938 3837 1058 3897 vitiatae
1074 3844 1157 3909 sunt,
1205 3830 1311 3896 Graeci
1328 3835 1453 3897 liabent:
1467 3833 1706 3914 Apprelvearlt'te
1715 3834 1936 3914 disciplinam,
1951 3836 2072 3899 aeirus

287 3922 367 3983 illud
396 3926 478 3982 verte
501 3918 652 3995 sequitur,
669 3923 701 3978 ut
716 3932 873 3997 nuuqunm
888 3917 1008 3981 vitiatae
1023 3920 1095 3981 siat.
1112 3921 1159 3980 tv·
1203 3914 1537 3994 somorbvminmmx
1553 3932 1614 3997 quo
1628 3918 1704 3979 nibil
1720 3926 1825 3995 aperte
1840 3926 1944 3980 eontra
1959 3918 2071 3981 leriae⁶

287 4018 353 4085 que
370 4003 426 4063 boa
441 4001 630 4080 Hieronymi,
647 4004 678 4061 et
693 3998 836 4078 origenis
851 4010 1062 4081 argumentum
1078 4015 1136 4065 est.
1204 4013 1241 4059 os
1256 4000 1367 4062 doduei
1383 4006 1527 4077 potesizat
1542 4001 1572 4061 iu
1589 4000 1723 4061 bebroeo
1737 4007 1795 4073 esi,
1810 3998 1960 4093 vaspail
1977 4001 2072 4064 Orota-

328 4086 466 4147 litterum
493 4087 705 4162 argumentum
731 4087 779 4143 vsi
794 4098 820 4144 s.
837 4082 964 4161 August.
987 4084 1017 4145 in
1033 4084 1088 4147 tib.
1106 4078 1155 4148 li}
1203 4082 1323 4145 lamini
1339 4082 1464 4146 b’t‘livma
1483 4098 1526 4145 ee
1546 4084 1722 4156 irascatur,
1736 4082 1767 4141 id
1783 4086 2069 4154 summarorium

284 4168 325 4230 de
354 4167 444 4230 civit.
473 4166 527 4227 itai
544 4182 612 4245 rap.
631 4166 679 4228 13.
704 4166 754 4241 atri
778 4165 850 4227 inde
866 4165 925 4229 hoo
940 4166 1058 4245 probet,
1075 4168 1156 4246 quod
1205 4164 1352 4229 oolibae
1364 4166 1449 4228 Filio
1459 4164 1570 4228 Drino
1581 4166 1824 4243 ipeeiresaatar
1837 4171 1897 4226 eto.
1914 4166 1967 4245 qui
1984 4169 2080 4229 loeus·

283 4268 347 4311 uon
366 4250 504 4310 videntur
520 4250 581 4310 ullo
597 4250 689 4309 morin
705 4246 864 4321 eredibile,
878 4248 1010 4311 ludaeos
1021 4249 1157 4313 voluisse
1204 4254 1251 4309 ost
1265 4247 1487 4311 invictissimus
1502 4254 1605 4310 eontra
1620 4246 1764 4310 ludaeos.
1781 4249 1882 4308 anne
1897 4246 1990 4327 igitur
2005 4264 2072 4311 are·

284 4334 353 4395 suis
379 4332 541 4395 caninibus
563 4332 684 4409 eripere
700 4332 867 4405 veritatem,
886 4338 918 4393 ut
932 4334 1044 4393 nostris
1058 4332 1156 4394 detra·
1203 4332 1297 4392 dibile
1312 4334 1369 4393 erit
1382 4330 1516 4393 ludaeos
1528 4335 1663 4392 motasse
1675 4330 1872 4409 Scriptorum,
1888 4330 2071 4394 uiluauien»

288 4418 403 4477 iterent
414 4416 636 4477 auaitvriiaiem:
655 4420 685 4474 ei
700 4414 790 4475 etiam
806 4414 831 4473 si
847 4413 1027 4487 valuissent,
1043 4414 1158 4477 nonsit
1204 4414 1265 4475 tius
1280 4413 1334 4477 Dei
1351 4414 1428 4475 l'ilio
1443 4413 1651 4475 testimonium
1667 4413 1869 4492 perbiberet?
1883 4412 1957 4474 lteur
1973 4412 2072 4477 isaiae
2179 4431 2186 4441 ·

286 4498 457 4560 verisimile
475 4496 623 4575 potuisse.
640 4496 699 4557 Sed
715 4496 806 4557 verbo
823 4495 921 4565 insius
935 4495 1104 4559 audiamus:
1121 4495 1157 4561 Si
1202 4495 1254 4558 53.
1267 4496 1321 4559 ubi
1334 4512 1392 4559 nas
1407 4496 1570 4560 babemus:
1584 4497 1894 4574 utaovputavtmra
1904 4505 1978 4558 eum
1990 4510 2072 4575 grta-

283 4596 460 4660 quaeram.
479 4582 588 4658 inquii.
602 4580 684 4658 gelid.
694 4580 735 4639 sit
745 4573 942 4641 eredibildus.
955 4576 1157 4643 ludaeorum
1201 4580 1233 4641 ai
1252 4580 1426 4659 leprarum,
1440 4584 1472 4640 et
1480 4592 1705 4658 permetetuaa
1714 4576 1789 4646 Deo,
1803 4585 1834 4640 et
1845 4579 2068 4659 immitiatumg

286 4672 416 4742 pontem
443 4669 510 4725 tam
531 4662 762 4740 laapeloteque
778 4658 942 4739 diffisum,
958 4663 995 4723 in
1009 4661 1067 4724 ltoo
1082 4676 1155 4727 eoa·
1201 4662 1232 4723 in
1259 4662 1395 4725 bebraeo
1422 4665 1482 4742 tegi
1504 4666 1617 4738 potest.
1632 4676 1825 4740 perversum
1837 4662 1950 4732 Deum,
1968 4669 1997 4726 et
2009 4663 2068 4724 ltu·

286 4746 501 4808 scribendam
516 4744 727 4806 vvaadacv'vm
739 4758 808 4805 ιιιιο
820 4744 954 4806 oonsilio
970 4746 1157 4822 coaspirare
1200 4746 1374 4807 oeiliatum.
1391 4751 1614 4830 masniolus<
1629 4742 1717 4821 Hm
1730 4747 1813 4821 quod
1829 4753 1910 4805 verte
1927 4757 2071 4824 maguum

282 4830 444 4909 potuisse:
459 4833 490 4891 et
504 4829 584 4889 dum
596 4827 671 4889 aliis
685 4826 834 4889 davidem
848 4827 1157 4891 avaroritmom.sv·bt
1203 4830 1358 4903 negotium
1386 4827 1511 4901 ludaeis
1537 4826 1672 4899 recessit,
1700 4829 1752 4906 qui
1769 4826 1921 4889 christum
1934 4826 2070 4889 laturum

286 4910 459 4973 abstulisse
474 4912 667 4973 veritatem?
681 4908 731 4971 Aa
747 4908 796 4971 lb.
811 4908 968 4977 bontims,
983 4910 1043 4989 gui
1057 4912 1156 4973 etiam
1202 4926 1272 4971 esso
1288 4911 1384 4972 Deum
1401 4926 1461 4972 non
1476 4909 1617 4972 eredunt.

284 4996 354 5072 ipsi
368 4994 488 5057 ludaei
503 4999 609 5065 erant,
624 4988 662 5053 in
676 5006 744 5054 unu
760 4993 828 5055 loeo
838 4994 968 5071 positos,
984 4995 1091 5071 ipsam
1104 5010 1155 5056 vo·
1242 4994 1386 5069 Quiritum
1410 5000 1441 5055 et
1461 4992 1601 5054 ultimum
1617 4997 1831 5070 argumentum
1846 5008 1863 5054 a
1878 4992 2069 5069 providentie

285 5078 415 5139 ritatem
441 5076 589 5156 gentibue
616 5074 810 5153 alienigenis
834 5076 1002 5147 maniae,
1029 5082 1058 5138 et
1073 5090 1156 5139 eom·
1202 5075 1334 5148 davitur,
1349 5092 1408 5155 qua
1425 5076 1507 5137 Heus
1516 5073 1675 5136 Ecclesiae
1687 5088 1762 5135 suae
1774 5088 1898 5153 semper
1910 5076 2068 5153 prospieis

280 5160 452 5221 manicare
466 5160 556 5221 ιιιιιιι
571 5158 682 5234 formae
698 5158 846 5235 eonsHim
863 5158 1153 5237 gubernationi,
1201 5158 1264 5219 lton
1280 5158 1363 5232 euim
1378 5158 1545 5219 verisimile
1560 5163 1618 5232 esi,
1631 5154 1728 5217 lleum
1742 5157 1773 5217 id
1787 5173 1948 5236 passurum
1961 5159 2068 5231 tuisse,

280 5242 368 5321 guid
380 5242 570 5321 proclivius.
587 5240 783 5319 ibaiiiuoque
799 5242 970 5304 credatur?
982 5240 1047 5304 Sed
1061 5241 1153 5317 absit,
1201 5247 1235 5303 ut
1249 5240 1340 5301 verbo
1353 5246 1398 5301 toi
1412 5241 1576 5302 illustrium
1591 5240 1809 5318 prophetarum
1821 5240 2004 5316 generaliter
2017 5240 2071 5300 lat-

279 5330 321 5385 ιιι
333 5328 483 5403 predam
499 5324 665 5404 puiepium
678 5322 729 5385 vel
743 5322 884 5387 ludaeos
899 5322 1070 5405 erljuoltbei
1082 5340 1154 5403 per·
1201 5328 1354 5396 serentur,
1381 5324 1561 5402 praesertim
1588 5336 1657 5383 cum
1673 5322 1710 5382 ad
1729 5326 1811 5387 ivone
1825 5322 1919 5383 tinem
1933 5321 2070 5384 ludaeos

282 5408 453 5469 versitmte
478 5416 575 5484 atqve
588 5406 737 5468 uralitiae
751 5412 877 5469 tontum
889 5409 1032 5486 potuisse
1046 5406 1157 5468 erodat
1201 5404 1383 5486 disperserit
1406 5421 1463 5485 per
1482 5411 1578 5467 toium
1594 5404 1700 5465 orbem
1711 5409 1875 5477 terrarum,
1893 5410 1923 5464 et
1939 5404 2071 5467 atreum·

282 5490 323 5551 in
342 5488 508 5553 radicibus
524 5497 590 5549 tam
600 5488 755 5559 multisve
768 5496 834 5551 tarn
845 5490 938 5567 leupo
950 5488 1077 5569 lateque
1092 5490 1155 5550 eis·
1200 5484 1281 5551 terre
1307 5502 1363 5551 eoa
1385 5489 1635 5551 votuerittibros
1650 5486 1730 5563 tegis
1746 5497 1776 5551 er
1791 5488 2021 5569 prophetarum.
2040 5493 2073 5551 ut

278 5573 415 5649 persis,
444 5572 494 5635 vel
514 5568 605 5635 ixx.
629 5571 700 5633 illos
712 5570 934 5635 memorabiles
944 5572 1030 5634 viros
1045 5570 1103 5631 lvoa
1116 5572 1155 5632 de
1200 5571 1317 5633 inimiei
1331 5571 1426 5632 nostri
1438 5568 1749 5634 christianaeveritati
1762 5569 1969 5635 testimonium
1983 5582 2070 5647 praa·

279 5655 471 5718 invidenda
484 5654 631 5733 gentibus
645 5652 1156 5723 varitateuoumoommuoiousve
1200 5652 1323 5714 beraut.
1350 5653 1529 5715 observavit
1543 5655 1573 5715 id
1589 5656 1716 5714 sanetus
1730 5650 1869 5717 lustinus
1881 5653 1914 5717 ia
1931 5654 2070 5716 brabone

282 5738 476 5800 evaeorum.
492 5736 575 5799 Haeo
589 5738 790 5813 Augustinus.
1201 5735 1415 5810 exhortatorio,
1432 5744 1461 5796 et
1477 5733 1805 5809 sanamsbugvsunns
1821 5739 1875 5801 lib.
1893 5735 1943 5798 lb.
1966 5736 2006 5797 do
2022 5735 2070 5799 bt·

325 5820 418 5883 Diaei
443 5819 565 5899 aliquis,
596 5819 774 5899 generalem
795 5818 886 5881 irtam
910 5816 1155 5897 depravationem
1200 5816 1409 5897 vit.1ioieap.
1427 5818 1479 5879 li.
1495 5823 1578 5879 etex
1594 5816 1673 5895 psol.
1691 5813 1742 5882 58.
1767 5824 1927 5883 maniteste
1942 5817 2069 5881 debari·

280 5901 505 5966 hebreiaorum
521 5902 661 5967 eadivam
678 5906 747 5979 post
760 5902 919 5981 Augustini
936 5908 965 5961 et
980 5900 1155 5980 Hieronymi
1202 5906 1261 5961 tur:
1288 5901 1329 5963 lle
1343 5901 1473 5962 oaoidaa
1485 5914 1547 5971 eor,
1563 5914 1606 5963 oe
1618 5905 2067 5980 quaoaombryvggpammpai

284 5990 431 6065 tempora
457 5986 621 6047 davidieae:
649 5984 777 6061 proinde
797 5998 902 6047 eorum
919 5983 1089 6043 testimonia
1105 5998 1154 6061 pa·
1200 5983 1274 6066 puli
1294 5982 1370 6053 mel,
1395 5983 1544 6061 dmperpe
1563 5982 1638 6044 illos
1657 5980 1902 6050 materiamve.
1916 5990 1974 6047 ato.
1992 5982 2066 6047 toea

279 6082 352 6131 rum
380 6070 417 6132 ad
434 6082 498 6131 rem
515 6073 707 6146 praesentem
723 6066 835 6132 tavare.
849 6066 1157 6147 didugastiuiratio·
1203 6070 1286 6129 euim
1311 6066 1445 6145 dispersi
1459 6072 1532 6131 suat
1550 6062 1663 6131 ludaei
1674 6067 1770 6137 libros
1785 6085 1891 6134 saeros
1903 6066 2065 6132 vireumta·
