4792 7009
417 658 471 715 sos
985 604 992 617 ’
1042 653 1085 713 ιι
1103 649 1243 713 nsasuo
1262 648 1438 711 nominer

310 808 313 815 ·
383 791 623 862 demodocum,
639 803 710 853 ssss
732 786 856 869 quidem
878 786 1206 868 inlieclesiapotasta·
1252 791 1418 865 praesepto
1432 798 1489 849 suo
1502 782 1607 849 lacere
1627 784 1855 863 neeessariam,
1876 791 1909 851 et
1922 801 1979 867 per
1998 800 2037 851 se
2061 786 2123 852 bo-

343 882 406 941 lem
418 872 723 947 excommunicandi,
748 872 848 948 idest,
875 871 1035 952 rejiciendi
1064 871 1206 933 immines
1251 886 1338 948 num;
1351 876 1380 931 ut
1393 869 1536 930 omittere
1550 873 1653 929 autum
1668 870 1924 943 necessarium,st
1940 885 2048 951 perse
2063 871 2124 934 bo-
2196 855 2197 936 i

263 940 300 1050 c)
343 950 810 1039 incorrigibiles‘asoopoeto,
840 955 895 1029 sed
919 956 998 1017 banc
1027 956 1207 1033 potestatem
1250 951 2033 1030 num,estpeccatumiuoonsclcntia,etiamcitra
2047 969 2126 1017 eoo·

344 1058 405 1106 non
419 1042 523 1104 retunt
538 1054 609 1101 esse
624 1038 760 1117 inpapa,
778 1042 829 1099 aut
850 1036 996 1116 episeopo
1022 1052 1078 1115 per
1092 1052 1138 1111 se,
1151 1035 1208 1099 scd
1251 1040 1400 1114 temptum
1416 1040 1446 1096 et
1459 1032 1652 1118 scandulum.

343 1126 443 1187 sotum
458 1124 487 1185 in
504 1120 652 1195 dcctesio,
670 1121 760 1193 idest,
789 1121 819 1180 in
848 1127 937 1181 coetu
968 1120 1202 1191 ministrorum,
1291 1117 1439 1181 Probatur
1459 1117 1640 1196 propositio.
1670 1115 1744 1179 llam
1768 1122 1855 1181 actus
1879 1116 2065 1181 indifferens
2093 1117 2128 1181 si

343 1208 436 1291 idque
452 1206 565 1288 populo
577 1204 800 1267 consentiente.
817 1201 878 1264 Nec
899 1202 1009 1265 mirum
1023 1219 1032 1279 3
1062 1200 1108 1263 itti
1124 1202 1208 1265 enini
1251 1198 1478 1280 praecipiatur,
1498 1197 1633 1279 jamesii
1649 1200 1854 1275 necessarius,
1870 1202 1988 1282 alioqui
2003 1201 2123 1265 lrostra

343 1304 452 1370 papam
469 1290 576 1353 notuut
588 1302 658 1349 esse
673 1286 822 1364 majorem
841 1285 1001 1362 episcopo.
1017 1298 1075 1345 nec
1087 1284 1208 1363 episco-
1251 1282 1450 1361 praecipitum
1466 1286 1496 1343 et
1509 1284 1655 1361 probatur
1666 1284 1726 1347 boc
1742 1285 1854 1347 idema
1871 1284 2126 1363 posteriorimam

342 1365 1210 1453 pumpresbyteroquoodaucttritatomlresbpterisau·
1251 1373 1445 1445 sequeretur,
1468 1365 1556 1444 leges
1583 1363 1639 1428 liei
1669 1365 1815 1444 positivus
1840 1383 1902 1431 non
1930 1366 2124 1447 obligarem

342 1461 405 1517 tem
418 1455 493 1517 nitrtt
510 1454 656 1521 tribuunt,
675 1452 732 1512 nisi
746 1466 837 1527 posse
855 1450 1042 1528 praedicare,
1060 1457 1089 1510 et
1104 1462 1205 1511 sacre·
1252 1447 1456 1511 conscientia.
1468 1445 1568 1521 Quare
1583 1447 1666 1509 enim
1682 1450 1876 1511 circumcisio
1896 1450 2059 1530 obligabat
2067 1449 2126 1513 Ju-

342 1544 444 1607 mente
457 1537 627 1601 ministrare
641 1533 679 1594 tis
690 1533 867 1599 homiuibus
880 1533 992 1613 quibus
1000 1530 1129 1614 jusserit
1140 1548 1208 1595 sas·
1253 1530 1358 1605 dacos,
1375 1534 1406 1593 et
1418 1545 1474 1592 nos
1489 1530 1604 1608 obligat
1618 1531 1789 1609 baptismus
1803 1548 1872 1597 cum
1887 1532 1949 1594 sint
1975 1538 2067 1594 actus
2080 1550 2122 1597 cx

344 1618 673 1695 cularismngistratus.
1252 1628 1287 1677 se
1303 1611 1530 1677 indifferentes?
1550 1611 1658 1675 llonne
1686 1616 1758 1692 quia
1776 1622 1976 1694 praeceptum
1992 1614 2052 1677 liei
2069 1633 2124 1679 ac·

384 1704 421 1764 tlt
435 1704 465 1763 in
481 1700 617 1761 Ecclesia
633 1697 781 1759 catholico
796 1713 920 1777 semper
934 1697 1085 1760 creditum
1099 1700 1157 1770 est,
1174 1712 1207 1759 e·
1252 1695 1380 1771 cedens,
1402 1695 1474 1758 lacit
1494 1694 1564 1757 illos
1587 1711 1657 1757 esse
1672 1702 1759 1759 setus
1781 1697 1941 1777 roligionis
1968 1714 2122 1761 necessa·
2196 1731 2197 1744 ι

343 1784 490 1864 piscopos
505 1784 535 1843 in
551 1781 617 1843 suis
632 1780 828 1845 dioecesibus
843 1828 850 1853 ,
867 1787 897 1843 et
912 1796 1072 1843 romanum
1087 1779 1210 1859 pontitt-
1251 1779 1332 1841 rios?
1345 1778 1435 1852 ltem,
1448 1793 1541 1858 quare
1555 1776 1663 1840 ludaei
1681 1779 1896 1859 obligabantur
1910 1780 1940 1841 in
1953 1780 2126 1843 conscien-

344 1882 412 1930 cem
424 1867 456 1927 in
473 1871 531 1926 tota
544 1862 684 1925 Ecclesia
700 1878 769 1925 esse
785 1880 874 1925 veros
888 1864 1044 1942 principes
1059 1863 1207 1925 ccclesia·
1251 1862 1304 1933 tia,
1321 1879 1383 1924 non
1397 1862 1480 1924 sessi
1497 1876 1589 1923 earne
1605 1861 1706 1936 suilla,
1732 1861 1773 1923 ita
1788 1869 1822 1925 ιιι
1846 1863 2011 1925 maluerint
2039 1863 2125 1927 mori

344 1950 451 2024 sticos,
465 1948 516 2027 qui
533 1945 654 2025 possint
668 1962 723 2007 sua
745 1948 922 2008 auctoritate
945 1947 1036 2008 ctiam
1061 1945 1128 2007 sine
1143 1946 1209 2025 pls·
1252 1942 1997 2023 liacbabaeipotius,quamsucarueuti,eum
2013 1951 2126 2009 minen
2196 2015 2197 2018 Ἴ

342 2032 392 2094 bis
408 2045 575 2100 consensu,
592 2028 639 2089 ret
664 2028 911 2107 presbyterorum
934 2029 1063 2091 consilio
1081 2076 1088 2102 ,
1120 2028 1207 2108 leges
1252 2029 1293 2089 sit
1307 2044 1356 2089 res
1370 2026 1551 2093 iudiilerens
1566 2043 1636 2089 saro
1657 2027 1775 2089 suilla?
1789 2028 1894 2091 llonne
1909 2029 2125 2107 quiapracee·

342 2115 447 2189 lcrre,
482 2126 560 2192 quae
587 2110 619 2171 in
656 2110 845 2173 conscientia
874 2113 1036 2190 obligent,
1062 2111 1205 2191 judicare
1252 2109 1894 2189 ptumbeiiuoiebst,ittamsbstinentiam
1919 2127 1992 2175 esse
2013 2117 2125 2173 aetum

344 2198 378 2261 iu
389 2196 509 2259 caussis
524 2191 744 2256 ecclesiasticis
769 2208 854 2255 more
881 2195 1010 2256 aliorum
1037 2192 1176 2273 iudicum
1195 2238 1203 2267 ,
1253 2193 1473 2272 temperantiae
1489 2192 1713 2253 necessarium?
1727 2195 1762 2253 ts
1774 2194 1858 2256 bens
1874 2195 1932 2255 lroc
1949 2208 2014 2255 non
2027 2192 2124 2256 iacie-

347 2298 382 2344 sc
405 2279 527 2343 demum
545 2276 675 2357 punire.
702 2274 785 2351 Quae
808 2274 861 2341 tria
890 2277 1022 2340 breuiter
1048 2275 1208 2359 probanda
1251 2275 1468 2356 batquatenus
1482 2274 1634 2346 Deus,sed
1653 2281 1929 2355 tantumquatenos
1945 2275 2124 2355 legislator3

263 2380 266 2385 ·
348 2368 434 2429 sunt.
695 2368 696 2372 ’
1252 2375 1326 2439 ergo
1341 2360 1442 2421 omnis
1456 2373 1546 2419 serus
1562 2357 1766 2435 legislator,et
1779 2361 1831 2437 qui
1844 2364 1945 2439 potest
1959 2360 2125 2437 praecipe·

1251 2458 1298 2513 re,
1314 2440 1494 2520 praesertim
1510 2441 1637 2501 nomine
1652 2440 1824 2519 bei,potest
1835 2444 1893 2503 boe
1908 2442 1992 2505 idem
2004 2439 2125 2506 lacere.

672 2520 882 2591 subtexit.
938 2576 940 2581 .
1034 2576 1038 2583 ,
1252 2524 1289 2587 lt
1309 2524 1446 2602 pontitex
1457 2527 1559 2601 potest
1573 2524 1760 2601 praecipere,
1775 2530 1807 2586 ut
1825 2532 1887 2603 jam
1902 2523 2122 2599 ostendimus,
2196 2529 2197 2610 i

1250 2613 1282 2671 et
1297 2605 1427 2667 interius
1443 2605 1537 2667 ctiam
1548 2605 1760 2683 ostendemus3
1783 2622 1857 2686 ergo
1873 2611 1977 2686 potest
1988 2621 2059 2668 rem
2075 2607 2122 2668 in·

981 2733 983 2745 ,
1252 2686 1444 2752 differentem
1460 2687 1559 2748 lacere
1576 2689 1793 2765 necessariam,
1824 2706 1859 2751 ac
1888 2687 2021 2768 proinde
2036 2689 2122 2751 obli·

363 2771 523 2837 Probatur
536 2770 725 2833 testimoniis
739 2770 829 2835 umbi
842 2771 909 2837 liei.
924 2786 1017 2851 posse
1028 2767 1195 2853 pontifices
1251 2787 1324 2853 gare
1333 2770 1364 2832 in
1374 2768 1670 2845 conscientia,ctiam
1681 2770 1755 2832 citra
1767 2777 1975 2851 contemptum
1988 2777 2123 2835 etscan·

605 2854 963 2935 uucstegescoudere.
1251 2854 1368 2919 datum.

977 2961 978 2970 ι
1213 2925 1252 3056 os
1292 2934 1812 3013 basusseeundusestllattb.lb,
1834 2933 2124 3017 Qtaodeuoaqueli·
2196 2959 2197 2976 ι

1250 3019 1379 3097 quoeris
1391 3033 1492 3097 super
1505 3024 1636 3092 tomum
1652 3018 1714 3081 erit
1730 3019 1867 3097 liqutum
1890 3026 1920 3081 et
1943 3021 1983 3083 iu
2007 3021 2121 3083 coelis.

388 3101 485 3181 igitur
506 3098 654 3163 catholico
684 3100 835 3163 sententis
859 3100 1006 3181 probatur
1032 3098 1135 3162 mullis
1161 3116 1208 3163 ar·
1251 3101 1334 3165 llaec
1348 3102 1440 3163 rerba
1452 3099 1558 3163 reterri
1574 3107 1715 3178 possunt,
1738 3108 1769 3163 et
1783 3102 1898 3165 debent
1924 3102 1960 3163 cd
1986 3104 2122 3180 omnia,

345 3183 803 3265 gumentorumgeneribus,ac
824 3185 922 3265 primo
950 3201 988 3247 ert
1014 3200 1100 3247 sacra
1128 3182 1209 3249 Scri·
1252 3199 1331 3263 quoe
1346 3184 1518 3247 secundum
1534 3200 1626 3245 osum
1653 3183 1829 3260 Scripturas
1844 3184 1987 3246 dicuntur
2002 3184 2121 3264 ligari:

344 3273 446 3347 ptura.
1251 3283 1323 3329 uam
1337 3267 1522 3345 generaliter
1533 3268 1666 3344 loquitur
1678 3266 1900 3339 llominusmeo
1912 3268 1987 3329 dicit
2003 3265 2121 3343 Quem
2196 3323 2197 3334 ,

388 3350 506 3413 Primus
521 3346 745 3413 toouslieuter.
764 3346 1209 3428 ll.Quisupmbiscitnoleus
1252 3349 1587 3429 composuissemus,
1611 3350 1666 3411 sod
1693 3346 1922 3429 Quodcumque
1949 3351 2122 3427 ιιραυαιι.
2196 3353 2197 3360 ’

349 3430 477 3495 obedire
492 3432 665 3496 sucerdotis
679 3432 828 3510 iusseris,
852 3433 912 3511 qui
935 3449 971 3495 eo
996 3439 1136 3510 teusporc
1148 3433 1207 3495 mi·
1251 3432 1429 3495 invenimus
1444 3439 1544 3493 sutem
1560 3431 1663 3493 llrrtttr.
1680 3431 1732 3492 23.
1748 3431 1863 3510 ligare,
1879 3432 2060 3512 signiticare
2074 3434 2121 3495 le·

346 3516 464 3578 uistrot
478 3512 613 3577 domiuo
628 3513 691 3575 beo
707 3522 772 3586 tuo,
791 3531 833 3577 cc
844 3517 977 3577 *decreto
996 3515 1122 3595 judicis
1141 3530 1208 3577 mo·
1252 3531 1323 3595 gem
1334 3516 1504 3593 imponere:
1517 3512 1661 3592 Attiqout
1673 3515 1771 3585 emim,
1789 3516 1897 3594 inquit,
1913 3531 2018 3579 suero
2040 3532 2122 3591 qro-

345 3598 448 3660 cietus
464 3596 556 3658 immo
571 3596 638 3667 ille,
656 3602 685 3657 et
696 3596 824 3675 quiores
843 3598 968 3659 motum
991 3596 1031 3659 de
1052 3597 1164 3659 lsrael,
1181 3597 1207 3658 l·
1252 3598 1309 3661 uio
1323 3602 1352 3660 ct
1360 3596 1585 3676 importabilis
1594 3598 1769 3674 imponunt
1787 3598 1826 3659 io
1849 3598 2001 3661 bumeoos
2015 3597 2123 3661 bouri-

346 3684 393 3743 ste
409 3680 496 3741 locus
509 3679 585 3739 vela
600 3678 705 3749 simili,
728 3680 775 3742 rel
790 3698 806 3741 a
820 3680 924 3759 marjori
940 3679 1033 3742 debet
1058 3680 1147 3741 etiam
1162 3680 1207 3741 in·
1252 3695 1345 3746 uum.
1359 3681 1461 3758 digito
1473 3685 1582 3741 uadem
1596 3696 1657 3741 suo
1667 3680 1784 3742 uoluut
1802 3697 1842 3742 eo
1852 3697 1990 3743 mouere.

345 3762 497 3841 telligide
511 3762 690 3823 christianis
702 3762 909 3840 pontificibus.
933 3761 1005 3823 llam
1020 3762 1208 3842 sicutjndui·
1292 3762 1373 3842 Ergo
1388 3762 1537 3825 [lominus
1550 3762 1638 3824 Petro
1654 3764 1802 3842 promisit,
1826 3770 1858 3824 ut
1882 3762 2032 3843 quidquid
2049 3764 2122 3843 ipse

347 3860 402 3909 cus
418 3844 551 3922 populus
566 3851 629 3905 erat
645 3850 715 3905 tunc
731 3846 863 3923 populus
878 3844 945 3919 Dei,
962 3846 1000 3906 ita
1014 3862 1095 3907 nunc
1109 3861 1205 3923 popu·
1252 3845 1402 3923 ligaverit.
1419 3845 1510 3917 idest,
1527 3860 1617 3921 quam
1643 3846 1863 3922 obligationem
1893 3845 2120 3927 praecipiendo

347 3926 397 3989 lus
411 3926 680 3997 christianusilcc
695 3944 862 4007 possumus
877 3928 1001 4002 dicere,
1033 3928 1207 4005 principem
1249 3926 1318 4006 ipsc
1341 3927 1486 3994 fluetibus
1500 3926 1690 4005 imposuerit.
1712 3928 1752 3990 sit
1763 3929 1889 4007 ‚ligatum
1903 3935 1935 3990 et
1948 3927 1981 3989 in
2003 3931 2120 4001 coetis,

346 4009 592 4075 ecclesiasticum
606 4010 636 4073 in
650 4010 717 4087 lege
742 4027 816 4071 nstra
843 4010 957 4073 debore
982 4026 1053 4073 esse
1079 4010 1206 4073 minoris
1254 4012 1345 4087 idest,
1363 4025 1397 4073 se
1419 4018 1513 4072 raum
1528 4011 1610 4071 illam
1627 4011 1811 4088 trabiturum3
1828 4027 1901 4089 crgo
1914 4020 2119 4090 praeceptum

347 4091 556 4164 auctoritatis,
574 4108 663 4171 quam
679 4092 768 4154 luerit
797 4093 826 4153 ln
852 4093 922 4170 lege
947 4094 1063 4169 reteri,
1094 4109 1165 4155 cum
1189 4108 1208 4155 c
1255 4093 1333 4155 Petri
1349 4098 1397 4154 est
1412 4098 1608 4173 praeceptum
1622 4091 1745 4170 cbristi3
1767 4108 1841 4172 ergo
1856 4100 1965 4173 peccat
1978 4096 2031 4172 qui
2054 4110 2122 4157 non

347 4176 498 4239 contrario
513 4174 562 4233 bic
577 4178 679 4236 omnia
693 4174 816 4254 maiora,
830 4181 861 4235 et
876 4176 1047 4251 augustiora
1062 4190 1144 4239 esse
1165 4174 1207 4236 rt·
1255 4176 1458 4254 obtemperat.
1475 4175 1510 4235 bt
1524 4174 1719 4238 confirmatur
1741 4176 1914 4238 testimonio
1939 4176 2123 4256 tlterongmi

346 4256 497 4321 deamus:
522 4263 550 4317 at
572 4264 733 4336 praecepte
750 4256 902 4335 pontilicis
915 4256 1101 4329 Iudaeorum
1121 4263 1209 4321 erant
1254 4258 1286 4321 in
1302 4258 1377 4320 illud
1392 4258 1496 4321 llattb.
1511 4256 1560 4319 ts.
1574 4258 1790 4338 Quaecumque
1801 4258 2010 4338 alligaveritis:
2030 4261 2122 4321 Pote-

349 4354 419 4401 rera
441 4337 593 4417 imperia,
609 4346 685 4402 'non
707 4340 955 4413 admonitiones,
991 4341 1038 4403 rel
1064 4340 1209 4402 coborte-
1253 4341 1501 4417 statuminquit,
1525 4340 1637 4403 tribuit
1663 4341 1839 4421 apostolis,
1868 4348 1904 4403 ut
1932 4342 2123 4421 iutetliqont

348 4420 448 4483 tiones
467 4467 474 4493 ,
498 4429 530 4483 ut
552 4428 633 4499 patet
648 4438 685 4483 cn
709 4424 769 4483 iltis
791 4423 892 4485 uerbis
910 4440 923 4485 :v
943 4422 1125 4486 Sdoudotis
1150 4423 1209 4485 im·
1256 4425 1337 4503 quio
1356 4423 1475 4486 talibus
1489 4424 2055 4487 densetur.bumorsomseuteutiom
2071 4428 2123 4487 di·

347 4504 462 4582 perio,
490 4508 521 4569 ct
535 4504 711 4581 obligabant
739 4505 979 4583 conscientiam3
1007 4521 1075 4567 nam
1098 4503 1211 4583 alioqui
1256 4509 1336 4569 uiuo
1354 4507 1514 4569 sententio
1527 4504 1689 4569 roborari.

352 4602 412 4659 non
429 4584 561 4647 luissent
574 4591 635 4647 tam
652 4604 759 4649 severe
776 4589 872 4664 puniti
899 4596 1142 4669 transgressores
1160 4605 1167 4645 :
1185 4590 1212 4649 si
1297 4588 1417 4651 Tertius
1432 4589 1520 4649 locus
1535 4595 1583 4649 est
1594 4590 1685 4653 loun.
1697 4588 1748 4650 et.
1763 4588 1946 4652 Pusceooes
1955 4589 2124 4653 messllbi

350 4669 434 4737 enim
456 4683 516 4729 non
540 4669 710 4745 peccabant
732 4670 784 4750 qui
807 4686 867 4733 non
890 4672 1073 4733 obediebant
1090 4685 1212 4750 praece·
1259 4672 1450 4733 exhibiturus
1464 4671 1605 4733 ctrristus
1631 4672 1742 4745 Petro,
1769 4672 1851 4746 quod
1876 4672 1905 4733 ei
1935 4670 2125 4747 promiserat

349 4759 401 4831 pto
425 4750 579 4830 pontilicis
594 4770 602 4831 ς
627 4754 780 4833 ergosiue
796 4754 882 4833 culpa
899 4770 954 4817 suu
969 4754 1149 4818 ridebantur
1163 4768 1213 4815 oe·
1259 4754 1400 4817 ttattbuei
1416 4753 1465 4815 lb.
1482 4752 1574 4815 utitur
1596 4754 1680 4831 regio
1706 4754 1874 4825 vocabulo,
1890 4753 2036 4815 nimirum
2054 4754 2123 4816 atel·

348 4832 423 4896 cidi.
1258 4854 1344 4916 putta
1354 4834 1393 4897 τὰ
1405 4833 1544 4917 πρόβατα
1557 4837 1708 4915 poo,··ridc
1724 4854 1814 4916 supra
1830 4837 1885 4899 lib.
1898 4838 1932 4927 1¹·
1947 4853 2017 4913 cap.
2038 4837 2091 4900 ts.

389 4914 590 4993 Respondent
605 4931 641 4979 ex
656 4916 715 4979 lioc
738 4923 768 4981 et
788 4917 941 4980 similibus
967 4917 1044 4979 loeis
1059 4962 1068 4990 ,
1094 4920 1211 4980 tanum
1298 4919 1428 4993 Quartus
1443 4919 1530 4981 loeus
1545 4918 1692 4980 estinan.
1715 4919 1766 4982 20.
1784 4918 1873 4981 Siout
1886 4920 1974 4981 misit
1986 4936 2041 4981 mc
2056 4921 2122 4981 Po·

281 5064 282 5067 ,
348 5012 442 5079 posse
459 4997 574 5076 colligi,
592 5015 721 5077 peceare
737 5000 970 5063 inconscientia
988 5016 1053 5073 cos,
1069 5000 1121 5077 qui
1138 5014 1210 5059 con·
1256 5006 1305 5065 ter
1319 5008 1348 5065 et
1359 5018 1416 5081 eqo
1430 5003 1518 5064 mitto
1531 5002 1636 5063 cosin
1651 5018 1740 5079 quern
1754 5002 1854 5068 losum
1868 5000 2122 5081 Ctirgsostomus3

348 5086 490 5143 iefflss'utll
501 5082 693 5157 διιιιθιίῡιθιιι
709 5099 797 5145 suum
816 5131 823 5154 .
847 5084 962 5163 quiquo
978 5082 1017 5145 ob
1033 5079 1210 5159 superbiam
1256 5084 1361 5147 Suum
1372 5086 1429 5153 sis,
1445 5084 1555 5161 inquit,
1569 5085 1701 5163 reliquit
1714 5084 1950 5147 ministerium:
1964 5090 1997 5145 et
2019 5083 2124 5148 Theo·

348 5162 475 5225 obedire
496 5164 615 5225 uotum.
634 5164 695 5227 Sed
711 5165 782 5227 bino
804 5182 864 5227 non
890 5165 1004 5245 sequi,
1027 5177 1157 5243 peccare
1177 5161 1211 5225 in
1256 5168 1428 5252 phytacium
1445 5165 1541 5245 Opus,
1556 5169 1666 5244 inquit.
1691 5182 1799 5230 uicum
1823 5168 1990 5245 suscipite.
2017 5166 2124 5229 bomi-

349 5246 538 5307 sonsoientis
555 5246 645 5317 illos,
675 5250 726 5321 qui
749 5246 820 5308 citra
847 5255 1065 5323 contemptum,
1083 5251 1212 5307 etscan·
1256 5266 1316 5313 nus
1331 5265 1405 5328 crgo
1416 5248 1539 5326 reliquit
1554 5250 1701 5327 apostolis
1717 5251 1818 5313 locum
1833 5266 1922 5313 suum
1940 5297 1947 5309 .
1963 5266 2000 5309 ac
2014 5256 2051 5310 ut
2064 5268 2123 5312 sna

351 5326 454 5389 datum
468 5344 529 5389 non
542 5334 666 5389 servant
685 5328 771 5409 leges
787 5331 863 5391 tales
877 5331 916 5393 de
930 5330 1023 5393 rebus
1036 5326 1212 5391 indillercn·
1257 5332 1458 5410 iungerentur
1471 5337 1648 5394 auctoritate
1664 5332 1694 5393 in
1710 5348 1807 5411 regno
1827 5348 1884 5395 suo
1911 5332 2121 5411 gubernando

349 5409 449 5485 tibus,
474 5448 478 5455 ,
1256 5415 1362 5476 soluit.
1379 5414 1465 5489 Quod
1481 5414 1571 5475 etiam
1587 5416 1782 5479 contlrmntur
1793 5431 1830 5477 es
1843 5416 1896 5475 illo
1907 5414 1982 5477 Luc.
2000 5414 2123 5490 tosus

391 5493 428 5555 tt
441 5493 472 5553 in
489 5491 597 5570 primis
612 5492 784 5567 babemus,
801 5492 907 5556 saltem
932 5494 962 5554 in
984 5488 1127 5571 pontifice
1142 5505 1213 5557 esse
1256 5513 1312 5561 uos
1323 5498 1417 5567 eredit
1427 5499 1593 5571 meoudit,
1610 5499 1669 5595 qpi
1680 5514 1735 5561 uos
1748 5500 1871 5578 speruit
1882 5514 1933 5560 me
1945 5500 2084 5577 mensu.

353 5575 560 5637 auctoritatem
574 5591 674 5640 reram
688 5578 1011 5655 praecipiendiqualis
1023 5582 1071 5639 est
1084 5578 1114 5635 in
1131 5575 1214 5651 prin·
1298 5578 1381 5654 Quae
1395 5579 1485 5641 rerba
1502 5579 1623 5657 proprie
1646 5581 1682 5640 ud
1694 5583 1861 5657 apostotos.
1877 5586 2029 5642 eteorum
2046 5597 2118 5642 suc·

355 5657 424 5735 cipe
440 5656 576 5733 politico,
593 5660 674 5733 quod
683 5657 874 5735 waldenses,
894 5660 1046 5722 ltursttius
1061 5659 1100 5721 dc
1114 5656 1214 5719 Padus
1259 5660 1570 5741 cessores‘pcrtiuere
1582 5664 1694 5724 dorent
1708 5662 1876 5742 cgprianus
1900 5663 1956 5724 lib.
1973 5662 2005 5724 l.
2022 5667 2119 5739 epist

353 5742 384 5798 cl
398 5739 448 5799 alii
465 5740 627 5817 negabunt.
642 5740 760 5803 Deinde
772 5758 807 5803 en
823 5744 880 5803 troc
895 5740 1077 5805 deducimus
1089 5740 1213 5803 criden·
1257 5742 1289 5804 9.
1305 5749 1336 5806 et
1349 5744 1480 5806 Basilius
1494 5743 1524 5804 in
1541 5744 1667 5807 constit.
1684 5752 1815 5809 monast.
1833 5762 1901 5817 ouo.
1917 5744 1968 5807 23.
1981 5744 2017 5805 lt
2031 5745 2121 5807 (ibri-

358 5824 414 5911 ter,
429 5820 513 5897 leges
527 5820 679 5901 pontilicis
695 5823 830 5900 obligare
858 5822 1104 5896 inconscientiu,
1122 5823 1213 5883 etiam
1257 5832 1325 5888 stus
1340 5828 1452 5889 missus
1467 5833 1543 5888 csta
1560 5828 1643 5888 Patre
1659 5844 1727 5888 oum
1743 5835 1915 5907 potestate,
1941 5842 2003 5889 non
2016 5827 2122 5892 solum

358 5906 432 5962 cttra
448 5910 653 5983 contemptum
678 5906 906 5971 oiscandatum.
931 5906 1004 5967 Nam
1029 5906 1214 5983 quicumque
1260 5908 1454 5987 praedicandi
1468 5915 1498 5969 ct
1511 5916 1698 5971 sacramente
1719 5910 1934 5984 ministrandi,
1951 5909 2122 5973 sedetiam

358 5986 460 6063 potest
474 5989 768 6067 praecipui-epotus
779 5995 867 6051 ctiam
880 5994 978 6055 actum
990 5986 1215 6056 instituentem
1261 5990 1470 6071 praecipiendi
1485 5990 1696 6071 etiudteundi,
1710 6001 1742 6056 ut
1755 6010 1864 6059 omnes
1877 5992 2124 6074 latentur3igitur
