4792 7009
415 1639 488 1861 ‘,
634 1538 880 1785 on
987 1582 1635 1796 CHRISTO

1070 2022 1214 2036 --,..-,..,..Ι

654 2414 659 2424 ·
775 2310 777 2315 ’
879 2355 1419 2479 annonario

646 2685 697 2752 bb
718 2687 866 2756 boillot
887 2689 1036 2756 dioboli
1056 2689 1225 2758 tibullttit
1246 2691 1475 2758 nivilltnlts
1492 2649 1659 2758 dtinuit.
1681 2731 1686 2740 ·

1007 2977 1303 2990 *u-—n-ffl

251 3375 321 3502 De
334 3433 476 3501 Ecclesia
503 3427 663 3503 Universa,
676 3443 770 3511 uuae,
784 3426 819 3491 io
831 3425 934 3504 terris,
951 3425 983 3490 iu
999 3443 1110 3508 purga·
1165 3424 1280 3488 tentor:
1296 3421 1373 3488 alter
1386 3427 1435 3492 est
1448 3423 1542 3508 longe
1554 3425 1662 3510 moion
1677 3441 1715 3492 ax
1725 3427 1934 3510 proditoribus
1945 3428 2033 3496 etin·

253 3556 351 3631 torio,
368 3552 446 3618 elin
461 3549 557 3615 ooetis
572 3551 641 3624 est,
656 3545 879 3626 disputaturus,
895 3559 912 3606 a
927 3541 1025 3608 Guisto
1040 3559 1123 3608 sum·
1164 3536 1364 3604 sidiatoribus
1377 3546 1593 3625 eomparatus3
1610 3543 1663 3626 qui
1677 3545 1787 3626 perdor
1801 3545 1973 3628 symbolis,
1995 3563 2033 3613 oo

260 3687 309 3734 mo
330 3669 438 3750 capite
453 3685 489 3730 ae
502 3663 644 3745 Principe
663 3661 823 3726 boolesiae
836 3660 930 3725 totius
943 3660 1065 3725 initium
1080 3661 1123 3724 ia·
1164 3653 1343 3722 nominibus
1363 3657 1519 3723 ementitis
1531 3659 1564 3724 ln
1580 3662 1691 3725 eastris
1711 3661 1825 3726 nostris
1845 3669 1952 3729 eontra
1972 3679 2033 3728 nos

257 3787 403 3850 ciendum
417 3799 488 3848 esse
503 3781 587 3845 duxi.
602 3779 638 3842 td
653 3777 737 3843 enim
751 3779 827 3843 ordo
840 3794 942 3842 rerum
953 3777 1122 3843 tractanda.
1163 3779 1330 3841 armantur:
1347 3775 1456 3857 partim
1468 3777 1500 3841 iu
1511 3777 1633 3844 insidiis
1648 3779 1821 3845 obsoonditi
1833 3779 2031 3860 delitesount‚

252 3919 317 3967 rum
332 3900 495 3982 postulare
509 3897 650 3961 ridetur:
666 3894 787 3959 tametsi
800 3911 864 3956 non
878 3893 1016 3976 ignorem
1030 3939 1039 3968 ‚
1054 3911 1072 3956 a
1086 3907 1120 3956 re
1164 3897 1199 3954 ut
1211 3890 1245 3954 in
1256 3891 1360 3957 medio
1380 3893 1489 3958 ardore
1503 3895 1609 3975 praelii
1624 3911 1683 3960 nos
1698 3896 1940 3964 oiroomoeniunt
1955 3944 1965 3976 ,
1987 3903 2031 3962 at·

255 4016 385 4080 omniun
413 4013 590 4094 grauissima
612 4016 643 4075 et
663 4009 840 4076 difficillima
865 4007 1050 4090 prinoipium
1068 4024 1120 4073 me
1154 4022 1226 4088 ouo
1239 4025 1257 4071 a
1271 4012 1356 4090 tergo
1371 4009 1563 4074 etlnteribus
1576 4010 1765 4077 adoriantur.

248 4133 373 4197 dooere.
392 4129 467 4195 Nam
481 4179 490 4209 ‚
505 4135 540 4194 ut
554 4130 691 4194 omittam
703 4127 749 4194 rei
763 4129 885 4210 ipsius,
900 4129 1014 4209 dequo
1030 4139 1114 4192 nuno
1202 4121 1241 4184 Ει
1260 4124 1404 4204 quonium
1420 4141 1482 4189 non
1496 4142 1605 4206 purum
1619 4127 1657 4191 ad
1672 4127 1830 4193 uictoriam
1844 4129 1939 4194 reiert
1952 4128 2030 4195 insi·

251 4249 475 4330 agendumst,
491 4245 706 4328 praestantiam
721 4249 752 4310 et
765 4244 1018 4325 magnitudinem,
1034 4258 1114 4326 quae
1161 4237 1231 4302 dius
1244 4240 1401 4324 detegere,
1417 4237 1550 4306 latebras
1564 4241 1696 4323 aperire,
1710 4245 1748 4308 ab
1764 4244 1873 4310 ominis
1884 4245 2029 4311 inimicos

248 4371 361 4429 tuntum
382 4363 478 4429 rebus
498 4363 757 4442 omnibus,quas
770 4360 884 4425 deinde
897 4360 1052 4424 tractaturi
1066 4375 1117 4424 su·
1153 4370 1351 4433 seueroere,
1377 4355 1513 4421 omnium
1544 4357 1680 4440 deniquo
1705 4359 1841 4426 bostium
1865 4362 1972 4444 eopias
1995 4363 2029 4428 ib

250 4499 316 4547 mus
333 4530 342 4557 ,
370 4481 527 4545 antecellit
543 4527 552 4553 ,
578 4484 728 4560 quantum
751 4477 911 4542 boelesiao
935 4478 1114 4544 dalbolioao
1153 4477 1329 4554 oonspaua
1343 4473 1470 4551 nabere,
1487 4490 1600 4556 operae
1614 4475 1747 4557 prelium
1761 4492 1833 4543 esso
1844 4478 2028 4558 duxiante·

250 4599 397 4680 splendor
411 4602 442 4660 et
456 4595 626 4677 amplitudo
639 4594 678 4658 ab
692 4595 842 4658 immensa
863 4594 958 4658 diuini
977 4595 1116 4672 numinis
1159 4606 1251 4670 quam
1265 4590 1303 4654 ad
1317 4588 1418 4672 ipsam
1432 4590 1661 4658 diminutionem
1672 4594 1845 4672 veniamus,
1861 4602 1960 4662 eastra
1972 4596 2028 4661 bo-

251 4714 318 4778 luoe
335 4719 367 4779 et
381 4712 540 4794 majestate
554 4716 738 4791 superator:
754 4725 854 4791 genus
874 4715 959 4775 uerte
978 4711 1114 4776 bostium
1158 4706 1253 4772 stium
1273 4706 1427 4785 lustrare,
1449 4708 1688 4789 praeeipuorum
1703 4710 1823 4776 Ducum
1837 4712 1961 4776 nomina
1975 4727 2024 4778 ro·

248 4833 306 4893 tam
327 4829 445 4893 narium
466 4845 503 4893 ao
519 4828 680 4907 multiplex
693 4826 727 4891 in
741 4827 800 4892 bau
812 4827 1042 4894 ooooertatiooe
1055 4844 1110 4894 no·
1158 4837 1367 4904 eognosoore,
1384 4823 1530 4904 atquead
1544 4839 1612 4901 eos,
1629 4825 1657 4890 si
1672 4824 1738 4890 lieri
1753 4827 1875 4908 poterit,
1891 4841 1947 4892 eos
1961 4841 2027 4890 om·

249 4945 296 5009 bis
310 4945 466 5022 orendil,
481 4951 516 5011 ιιι
529 4961 600 5010 oum
615 4961 653 5011 eo
667 4945 778 5026 reliqui
792 4945 958 5011 aduersarii
972 4948 1056 5010 nulla
1070 4957 1109 5011 ert
1155 4953 1214 5004 ιιι
1227 4938 1370 5024 leiim,
1386 4940 1438 5020 (ιιιῑ
1453 4939 1564 5008 cistris
1577 4941 1752 5021 nobiscum,
1769 4943 1872 5012 animo
1887 4959 1957 5009 oum
1972 4944 2026 5010 od·

247 5064 330 5140 parte
350 5060 483 5126 oonierri
504 5075 598 5144 posse
619 5060 790 5126 rideantur.
809 5060 974 5142 siquidem
994 5062 1027 5124 io
1041 5059 1110 5128 otiis
1153 5058 1297 5126 remoris
1309 5059 1428 5142 iuneti,
1444 5060 1491 5126 sio
1505 5061 1539 5124 in
1551 5060 1658 5126 hostes
1674 5063 1734 5127 tela
1748 5063 1904 5146 ooojioere
1918 5065 2026 5132 rideo·

249 5177 491 5255 controuersiis,
513 5177 601 5258 quasi
621 5176 749 5257 praeliis
766 5177 913 5258 utrinque
934 5178 1060 5242 indietis
1079 5187 1111 5244 et
1152 5177 1227 5255 tur,
1242 5181 1277 5242 ut
1291 5193 1350 5241 uos
1363 5175 1485 5242 interim
1498 5176 1628 5256 ieriaut,
1645 5182 1677 5243 et
1689 5178 1765 5244 mira
1779 5186 1857 5274 arto,
1873 5195 1952 5262 quae
1967 5197 2024 5261 pro

247 5293 453 5371 proclamatis,
469 5294 577 5357 hostes
591 5309 717 5373 semper
729 5295 912 5360 babebimus
926 5301 1039 5373 uentos,
1055 5311 1111 5362 uo·
1155 5291 1247 5358 nobis
1262 5297 1474 5376 sumpserunt,
1491 5293 1601 5359 eadem
1614 5294 1646 5358 io
1659 5309 1719 5362 uos
1733 5311 1817 5360 arma
1832 5302 2022 5362 conuertunt.

251 5411 297 5472 tos
314 5456 323 5486 ‚
346 5427 365 5474 a
385 5409 486 5475 iroote
507 5415 706 5492 pugnantes,
727 5411 852 5491 proprii
863 5411 957 5478 bools
977 5411 1112 5496 iusignia
1196 5408 1360 5478 Ordiamur
1369 5409 1483 5493 igilur,
1500 5410 1527 5474 si
1541 5412 1654 5491 piaoot,
1669 5411 1708 5477 ab
1723 5412 1773 5489 iis,
1789 5411 1845 5492 qui
1857 5412 2022 5492 imperato·

249 5525 470 5601 praeierentes.
1153 5525 1199 5592 ris
1219 5528 1318 5592 nostri
1338 5525 1451 5592 christi
1468 5524 1662 5592 Dirinilatem
1677 5533 1708 5591 er
1720 5525 1912 5608 llujestatem·
1923 5537 2024 5610 oppu-

250 5676 253 5681 >
284 5641 351 5705 lam
365 5658 438 5708 uero
452 5644 485 5707 in
498 5645 558 5708 bau
571 5659 703 5720 summa,
715 5657 795 5724 quae
805 5643 845 5710 de
856 5644 975 5712 cbristo
985 5646 1055 5730 ipso
1065 5647 1113 5713 tn·
1157 5647 1272 5723 mant,
1288 5647 1320 5708 et
1332 5642 1546 5712 infelicissimo
1566 5655 1671 5708 onore
1684 5659 1748 5708 non
1761 5658 1799 5708 se
1811 5648 1921 5724 putant
1933 5645 1972 5710 ad
1987 5656 2022 5714 u·

255 5755 395 5835 stituiton
408 5757 643 5841 disceptatione,
671 5775 723 5825 aes
749 5759 841 5825 uobis
860 5761 959 5827 tuturo
971 5769 1021 5826 est
1039 5780 1111 5830 eum
1155 5757 1219 5822 niti
1237 5756 1334 5822 Patris
1353 5757 1509 5838 gloriam,
1530 5765 1565 5823 ιιι
1585 5759 1743 5839 eleganter
1762 5758 1952 5842 Augustinus
1965 5761 2020 5841 ait,

251 5873 432 5941 exercitibus
445 5875 713 5957 duobusqumum
728 5878 805 5941 alter
818 5877 910 5942 exiis
924 5881 1111 5962 constatque
1147 5872 1217 5939 mist
1237 5887 1295 5955 por
1313 5871 1398 5940 unioi
1415 5873 1485 5938 uitii
1498 5874 1715 5940 oontomeliam
1729 5877 1903 5957 peruenire.
1921 5877 1955 5940 ln
1971 5877 2021 5943 his

251 6000 284 6050 se
295 5988 326 6054 id
340 5992 424 6072 quod
438 5999 532 6072 sunt,
547 5993 761 6075 hostesntque
773 5992 966 6060 aduersarios
980 6009 1064 6075 esse,
1079 6002 1111 6062 οι
1148 5991 1263 6064 nastris
1283 5991 1345 6062 duo
1365 5995 1438 6060 suut
1457 5988 1578 6073 agnina
1593 5996 1649 6072 ,ot
1663 5991 1752 6074 quad
1766 6008 1880 6060 oornua
1895 5995 2018 6078 praeui-

250 6101 330 6187 sipra
351 6111 514 6191 conterre,
530 6116 621 6192 atque
636 6115 743 6192 aperto
755 6109 849 6177 ltarte
864 6127 1002 6195 pugnare
1016 6111 1108 6193 proti.
1152 6129 1225 6193 pue.
