4792 7009
973 760 1075 827 aaron
1090 754 1262 831 mannans
1887 766 1942 825 aar

245 893 1030 975 smonatsimnlmornihissctontmounooltlmo
1041 902 1099 966 lico
1143 883 1537 979 europaeorum-'eaor
1548 898 1807 980 discutiamne
1819 900 1920 965 maara
1938 900 2012 967 his·

247 980 451 1050 murotenus
466 981 849 1046 commutassemus
864 985 1099 1049 oniusetsesn·
1144 984 1407 1069 semunciarum
1420 998 1546 1065 panorm
1587 1010 1591 1019 ·
1651 1006 1652 1009 ¹

249 1068 362 1151 ginta.¹
1183 1068 1427 1132 rorrnnieoiaus
1442 1066 1577 1147 lyranus
1604 1076 1666 1129 non
1694 1068 1793 1130 tantae
1819 1066 2006 1129 auctoritatis

828 1184 833 1193 ·
1144 1146 2008 1232 asotopponidematomoloosantiquismtriuosot

582 1228 704 1293 clodo
718 1230 757 1293 X.
1143 1234 1312 1313 historicis,
1326 1235 1377 1315 qui
1394 1234 1515 1297 Petrum
1526 1232 1639 1295 Rornae
1660 1248 1676 1293 a
1693 1230 1812 1296 Nerone
1828 1277 1837 1307 ,
1854 1234 2007 1294 lodrmm

1143 1318 1175 1379 in
1190 1316 1306 1397 nchaju
1319 1318 1356 1377 ah
1372 1314 1471 1396 ngaea
1486 1321 1610 1377 noenius
1626 1315 1758 1377 tradunt.
1774 1312 1910 1388 decedit,
1925 1316 2009 1393 qood

297 1394 799 1476 sohiurdorionrmacpta'muar
818 1401 1059 1477 &pomulam
1146 1400 1216 1461 sino
1232 1400 1327 1461 dubio
1341 1399 1477 1479 hymnus
1498 1396 1716 1490 Hieronymum
1741 1394 1897 1476 sepultos,
1914 1404 1945 1457 et
1960 1410 2015 1458 soe

1146 1482 1328 1543 iumdioera
1356 1483 1450 1543 roluil
1465 1529 1473 1556 ,
1490 1480 1625 1545 'Petrum
1653 1484 1684 1542 el
1708 1476 1856 1545 andream
1885 1484 2016 1559 propter

281 1558 444 1624 Permsio
459 1560 509 1623 ll.
527 1559 683 1639 Seriphum
693 1565 725 1624 et
737 1558 843 1625 ianm
853 1567 960 1643 aperto
974 1562 1098 1636 docent,
1146 1563 1298 1628 christum
1314 1562 1476 1626 cincinnus
1494 1562 1788 1644 loisso,quamquam
1803 1560 1906 1625 mirus
1920 1566 2009 1625 oaulo

247 1642 551 1707 Pehametl’sulum
568 1644 809 1725 -lliomselpmls,
838 1658 901 1706 nou
929 1645 1100 1718 Romana
1147 1649 1295 1727 loquutus
1312 1654 1370 1709 cst.
1846 1668 1848 1675 ,

248 1724 358 1790 scribis
373 1726 674 1805 spurcaminum
689 1726 728 1788 alr
740 1726 976 1806 imperatoribus
1004 1740 1103 1793 roma·

245 1810 293 1873 nis
304 1809 437 1871 occisos,
451 1808 524 1871 llam
537 1810 678 1872 Matthaei
692 1809 744 1872 23.
770 1809 921 1872 Dominus
947 1812 999 1874 ait:
1021 1813 1103 1876 lione
1280 1852 1282 1857 ,
1494 1804 1611 1873 carno
1626 1808 1680 1874 XI.

246 1892 410 1971 apennino
422 1892 536 1954 odoos
548 1892 732 1971 prophetoe,
749 1896 778 1954 ct
790 1892 962 1971 sopientes
980 1899 1009 1957 ct
1024 1894 1102 1959 seri·

249 1976 317 2047 bos,
332 1979 423 2037 eleae
434 1974 500 2036 iltis
514 1975 675 2044 omisistis,
691 1972 936 2055 stomaponti,
952 1981 983 2039 et
1003 1993 1047 2040 eac
1061 1980 1109 2043 cis
1312 1972 1453 2039 Solvitur
1467 1981 1694 2055 orparmeuttaro
1704 1974 1868 2040 uitiorum.

245 2056 502 2137 nrrponoda'tiaiu
619 2059 820 2135 optsoootria.
836 2057 871 2119 lu
887 2072 982 2137 mem
1003 2060 1105 2122 looum
1485 2084 1493 2091 “

247 2141 493 2219 chrysostomus:
517 2138 625 2202 lutei·
661 2147 681 2211 t,
696 2141 806 2220 lupuit,
823 2140 1108 2223 oportoioa,etprn
1188 2143 1342 2206 Postrema
1358 2141 1462 2204 voloni
1492 2140 1652 2218 persuasio
1681 2137 1832 2215 ejusmodi
1861 2142 1917 2199 est.
1936 2132 2010 2205 Cum

249 2238 323 2284 eom
336 2223 491 2301 apostolia
513 2223 658 2299 iimreca.
675 2222 711 2283 st
737 2222 942 2303 llieroupmus
965 2226 998 2286 lu
1023 2226 1107 2287 huna
1149 2227 1190 2289 de
1204 2225 1408 2305 relrusnuper
1422 2224 1622 2305 gostissaepo
1638 2220 1851 2299 cornugautur
1872 2236 2010 2295 erratus,

248 2305 389 2367 eumdem
402 2306 515 2367 laeum:
531 2300 678 2372 merso.
690 2302 903 2385 incolatuum
914 2308 1105 2385 opsonium.
1151 2309 1237 2389 quid,
1255 2304 1554 2387 inquitielenusde
1575 2311 1634 2365 tom
1655 2306 1780 2365 seruulis
1802 2318 1836 2364 aa
1853 2304 2009 2379 pzrturha-

246 2389 347 2449 nome
356 2402 424 2449 roso
435 2388 527 2450 dorso
540 2388 778 2465 discipulorum
791 2388 917 2463 christi,
934 2391 1018 2453 otios
1032 2404 1107 2469 pro
1149 2392 1276 2454 lissimis
1292 2388 1480 2469 temporibus
1503 2398 1647 2449 romanae
1663 2386 1766 2447 euriae
1790 2386 1950 2464 palpums.
1966 2386 2008 2445 ei-

244 2470 369 2549 phcloo,
388 2472 446 2551 poi
458 2475 596 2532 motura
608 2468 852 2549 proodioedonl,
882 2472 965 2534 olins
978 2475 1107 2551 sopion-
1149 2480 1194 2537 tra
1206 2472 1285 2537 Petri
1299 2472 1424 2535 Romam
1435 2470 1608 2543 adrentum,
1619 2470 1795 2549 passionem
1811 2476 1841 2530 et
1856 2467 2015 2547 poutiiioa·

248 2559 304 2622 ras,
321 2554 705 2633 omumosotpuoaao
716 2548 874 2616 dnehout
884 2554 1104 2633 profemscr·
1150 2564 1215 2619 tum
1228 2555 1404 2635 cornupere
1425 2552 1654 2632 conpererant?

245 2649 386 2705 monem,
400 2637 483 2697 niioa
496 2636 620 2699 mribus
632 2637 672 2697 itt
685 2635 753 2715 topo
766 2637 1023 2709 docnsaimeoem
1036 2640 1111 2719 ptri·
1193 2642 1228 2701 nt
1242 2640 1267 2701 si
1286 2640 1441 2713 irenaeus,
1458 2635 1674 2709 Tertullianus,
1691 2632 1843 2718 Eusebius
1860 2678 1868 2709 ,
1898 2630 2014 2713 aliique

246 2718 305 2778 hara
320 2718 487 2796 lapidatus
501 2717 884 2795 aestumatissimus
897 2721 1108 2791 occursoru-
1152 2720 1204 2785 (lii.
1220 2720 1268 2785 rel
1284 2720 1335 2783 td.
1349 2720 1451 2782 Patres
1466 2718 1560 2789 citati,
1578 2730 1719 2778 romanoe
1746 2714 1851 2778 curiae
1865 2714 2014 2795 palpones

247 2799 368 2878 einana
377 2800 502 2874 Penus,
517 2799 677 2881 noponmi
697 2801 874 2864 iumtihsrs
892 2803 1111 2883 apostolorum
1152 2807 1286 2878 loemnt,
1304 2804 1386 2865 reete
1402 2800 1535 2881 loquitur
1560 2798 1702 2861 telonus.
1733 2798 1787 2859 Sin
1813 2804 1914 2859 autam
1944 2810 2015 2877 pars

191 2915 192 2926 r
248 2880 521 2959 coapostatam
543 2882 880 2963 nieohuslrranoslu
897 2885 1107 2947 huneiaoum:
1153 2902 1260 2950 eorum
1271 2891 1343 2949 sum
1353 2882 1568 2963 antiquissimi,
1585 2888 1619 2943 ut
1632 2882 1778 2943 irenaeus
1805 2884 1837 2942 et
1851 2880 2012 2942 Tertullia-

191 2973 192 2988 ³
248 2967 304 3029 Em
317 2967 380 3037 eis,
402 2962 514 3046 inotrit,
528 2966 691 3039 modern,
706 2965 963 3030 stmriocodaua
977 2968 1115 3046 fratruo
1154 2986 1223 3045 ons,
1241 2985 1370 3051 qnorum
1384 2972 1525 3045 tempore
1535 2976 1659 3027 romana
1679 2960 1816 3025 nastasia
1831 2976 1893 3025 non
1907 2968 1971 3025 eret
1983 2974 2016 3023 o·

248 3049 400 3125 Joouuis,
416 3049 536 3111 Aetna.
551 3053 581 3109 et
595 3048 808 3127 &minuam
824 3051 925 3112 lotor.
942 3050 972 3112 l.
988 3052 1115 3115 etmul-
1153 3056 1292 3133 pulsata,
1308 3051 1341 3113 ui
1355 3050 1527 3131 palpatores
1542 3048 1659 3109 habero
1682 3045 1836 3125 potnerit:
1856 3058 1926 3123 pars
1942 3049 2015 3107 sunt

249 3138 296 3192 tos
310 3130 405 3205 aliea,
421 3130 872 3210 armamentorum,
895 3138 925 3195 cl
945 3131 1111 3197 demeum
1158 3135 1277 3211 dreani,
1294 3140 1328 3197 ul
1341 3130 1511 3202 llusehius,
1527 3129 1748 3205 theodoretus,
1763 3126 1966 3199 sozomenus,
1982 3130 2015 3189 ot

191 3245 193 3262 r
246 3213 382 3291 fratrem
402 3212 476 3295 eitra
493 3218 551 3275 ona.
1154 3212 1606 3297 alii,qunn1mnalioinridere
1628 3210 1752 3291 polius,
1780 3224 1872 3289 quam
1899 3208 2018 3271 adutan

287 3296 485 3375 nospouoea:
498 3306 537 3357 os
550 3291 653 3357 acthis
665 3294 787 3357 llomioi
800 3294 904 3359 llatths
920 3296 1005 3359 aaut
1016 3294 1113 3380 chry«
1154 3312 1300 3363 romanae
1311 3298 1468 3361 Ecclesiae
1482 3296 1656 3357 consuerit:
1673 3306 1742 3373 pars
1757 3298 1857 3354 antem
1873 3336 1880 3363 ,
1895 3291 1944 3352 rel
1960 3303 2016 3379 po·

252 3378 381 3440 sostoml
395 3374 601 3457 expositione,
619 3376 697 3439 nihil
710 3378 814 3458 colligi
829 3380 975 3441 adsersus
986 3388 1110 3443 senten·
1155 3384 1216 3445 tius
1231 3392 1311 3465 peno
1327 3394 1435 3443 omncs
1450 3384 1522 3439 sunt
1540 3375 1603 3439 ¹riri
1628 3372 1737 3451 senon,
1761 3376 1796 3436 at
1822 3369 2015 3444 lmlrrnslus,

252 3461 326 3521 tiam
339 3464 487 3523 nostram.
503 3460 650 3523 hominus
664 3459 1037 3542 caim-olchtrsostomus
1048 3479 1111 3528 uon
1155 3462 1370 3544 Hieronymus,
1387 3458 1584 3541 l'ugustinus
1602 3454 1857 3541 dhrysoslomm,
1875 3462 1904 3518 et
1919 3454 1982 3531 alil,
2002 3470 2020 3517 a

248 3542 1111 3623 dieant,omuesapostulosoeeidcndosluisseaindaeis
1157 3560 1287 3629 qnorum
1318 3544 1455 3607 morinus
1489 3542 1596 3621 procul
1629 3540 1733 3603 aherat
1763 3534 1948 3601 adulationis
1974 3536 2021 3598 ri·

249 3626 282 3685 io
295 3623 501 3699 Hierusalem,
517 3626 573 3688 son
588 3630 704 3687 mnium
718 3627 850 3702 olianus:
871 3627 903 3691 iti
919 3628 1002 3689 enim
1016 3629 1113 3709 signi·
1155 3632 1244 3709 tlum3
1261 3634 1345 3692 cerie
1373 3622 1536 3705 sequitur,
1558 3620 1733 3699 roesam,
1757 3620 1810 3701 qui
1830 3622 1888 3683 hos
1920 3632 2022 3683 roma·
2133 3676 2135 3681 .

248 3704 319 3767 drot
332 3707 554 3770 iliaseuteutia:
571 3710 624 3771 nos
635 3708 702 3770 tilla
715 3710 913 3783 onerosiora
922 3709 1113 3791 maotnpetts
1156 3728 1215 3776 noe
1236 3714 1340 3777 euriae
1360 3710 1511 3791 palpones
1531 3710 1630 3781 rorat,
1652 3702 1919 3787 impudennssime
1934 3716 2023 3767 men·

192 3867 193 3870 Ἴ
249 3789 586 3870 eto.ldqueimplclum
601 3787 874 3870 estinSteplraao,
891 3794 1112 3873 quemlapida·
1158 3798 1221 3860 tiri.
1434 3798 1441 3807 '

248 3878 370 3948 rerunt,
384 3873 447 3934 lot.
461 3872 491 3934 i.
507 3878 539 3935 et
549 3872 581 3934 in
595 3873 712 3937 iooobo
724 3873 852 3953 majore,
869 3889 960 3953 oueru
976 3874 1116 3940 llerodes
1201 3877 1357 3940 Praeterea
1374 3871 1584 3955 argumentum
1597 3868 1667 3949 eius
1682 3868 1758 3931 nihil
1770 3864 1945 3931 ralatlism
1961 3871 2023 3929 tom

250 3955 283 4015 io
300 3953 486 4017 Iudaeorum
502 3956 627 4034 gratiana
642 3956 778 4030 oceidit,
795 3955 858 4017 not.
875 3958 925 4018 lt.
940 3964 970 4019 et
981 3959 1011 4019 itt
1027 3955 1113 4022 tneo
1163 3962 1202 4024 de
1217 3960 1311 4027 rohas
1332 3972 1432 4037 nuper
1460 3953 1568 4033 pestis,
1585 3968 1676 4030 nullm
1692 3950 1731 4013 de
1746 3950 1880 4027 antiquis
1896 3948 2024 4031 lingun-

248 4038 291 4099 ho
306 4037 440 4110 minore,
463 4051 555 4116 ouem
570 4036 679 4099 iudaei
692 4038 752 4117 ipsi
768 4038 799 4098 in
810 4038 1002 4102 iherusalem
1022 4051 1113 4104 neca·
1158 4052 1209 4106 tur
1222 4056 1354 4115 suares,
1370 4036 1493 4119 quando
1506 4052 1556 4097 res
1571 4041 1643 4098 snut
1657 4036 1736 4096 elam
1754 4038 1882 4113 gestae,
1906 4036 1937 4095 et
1952 4033 2023 4094 siue

249 4124 376 4196 rerunt,
393 4126 470 4181 testo
484 4118 633 4200 iosepho,
650 4120 705 4182 tlh.
728 4118 782 4182 dd.
809 4121 911 4201 notio.
933 4138 1001 4202 eap.
1020 4122 1068 4185 lt.
1083 4130 1114 4185 et
1158 4126 1301 4200 tostinus,
1318 4128 1368 4185 aut
1389 4125 1535 4202 qnantum
1551 4116 1588 4178 ad
1604 4128 1765 4179 numerum
1787 4127 1949 4186 annorum,
1972 4110 2023 4205 re!

250 4200 284 4263 in
299 4202 445 4264 simeone
457 4202 564 4264 Jaeohi
576 4214 784 4278 successore,
808 4205 859 4281 qul
875 4204 906 4264 ln
922 4197 1113 4269 Hierusalem
1159 4210 1278 4272 similes
1292 4200 1629 4280 circumsedissemus
1645 4198 1734 4261 iaolle
1745 4196 1927 4259 mandantur
1938 4194 2017 4259 obh-

253 4282 490 4359 emollissent,
508 4291 541 4346 ut
555 4286 647 4346 donet
660 4282 814 4347 ausonius
829 4286 861 4346 in
876 4282 989 4349 dluou.
1008 4335 1016 4360 ,
1040 4289 1114 4349 liat·
1157 4292 1317 4354 nonnoso
1330 4293 1430 4351 autem
1445 4288 1592 4365 quantum
1606 4282 1642 4343 ad
1655 4283 1753 4361 ipsam
1765 4282 1960 4353 summumst
1974 4294 2025 4340 su·

250 4366 346 4428 thiam
361 4382 485 4447 quoquo
499 4367 531 4429 io
542 4366 657 4430 Iudaea
669 4364 857 4445 amaillsum,
873 4370 963 4431 mulli
973 4370 1115 4449 prohobi·
1159 4373 1321 4437 hstamium
1334 4384 1436 4432 rerum
1448 4364 1911 4455 celeberrimarnm3praeseriirra
1926 4375 2024 4442 quan·

253 4449 325 4510 liter
337 4447 524 4512 existimant.
1034 4458 1038 4464 ’
1057 4469 1061 4477 ·
1161 4456 1201 4520 do
1214 4461 1334 4535 praeter
1348 4448 1520 4514 testimonia
1535 4449 1728 4527 scriptorum,
1739 4448 1858 4509 exstant
1873 4451 1963 4505 ettam
1978 4458 2028 4503 aa·

294 4531 382 4608 Quod
399 4532 425 4594 si
441 4532 480 4595 de
502 4528 647 4595 omuibus
668 4532 815 4611 apostulis
840 4532 1003 4596 Damnum
1030 4536 1118 4616 loqui
1165 4556 1232 4625 rum
1248 4544 1349 4602 rernm
1361 4533 1547 4597 monimenta
1559 4530 1745 4609 lapidarunt
1759 4542 1846 4591 nerea
1863 4522 2026 4605 perumita,

249 4614 728 4694 Velenusrontrndannognudae
739 4622 829 4678 erunt
845 4618 1118 4693 omnoshistonae,
1167 4622 1267 4703 qualis
1283 4626 1330 4681 est
1343 4633 1394 4680 res
1406 4616 1445 4677 ne
1461 4622 1519 4695 qna
1535 4614 1666 4693 agimus.
1692 4612 1789 4691 nlrpue
1811 4611 1887 4671 haee
1913 4609 1951 4669 rle
1968 4612 2028 4669 toto

253 4710 333 4777 quae
349 4697 500 4759 Andream
515 4699 549 4759 io
562 4697 690 4777 Achaia,
716 4697 890 4777 Philippum
918 4704 949 4761 el
969 4700 1121 4763 loannem
1167 4706 1225 4765 lran
1241 4701 1446 4781 disputatione
1458 4694 1600 4757 sordidare
1612 4691 1896 4773 possessistimari.
1916 4690 1953 4751 de
1969 4704 2030 4767 qua

255 4780 288 4839 iu
310 4776 393 4846 isia,
409 4780 558 4841 l'lromam
571 4779 608 4840 io
620 4780 717 4853 ludia,
742 4780 1005 4845 llanholamaeum
1020 4786 1051 4844 in
1068 4785 1120 4846 dr·
1165 4785 1277 4850 librum
1294 4787 1446 4861 insignem
1458 4780 1524 4860 jum
1541 4778 1660 4859 pridem
1686 4792 1703 4840 a
1727 4776 1844 4838 Ioanne
1865 4772 1999 4835 liuil'ensi
2018 4814 2027 4843 ,

251 4862 367 4929 menia.
382 4861 564 4925 hetthaeum
577 4862 608 4923 iu
620 4861 953 4943 Aethiopia,Simonem
967 4873 999 4927 et
1012 4865 1121 4929 iudam
1166 4869 1275 4931 heatae
1288 4864 1453 4927 momoriae
1464 4860 1540 4935 riro,
1557 4860 1672 4922 editum
1688 4860 1794 4938 occepi
1807 4874 1816 4936 3
1846 4856 1902 4918 sed
1917 4854 2029 4916 librum

253 4943 287 5005 io
305 4944 433 5007 Pernde
445 4944 564 5007 ohlisse
578 4950 739 5007 testantur.
902 4992 907 4999 .
1166 4952 1270 5033 ipsum
1281 4948 1389 5033 ‚ridere
1403 4956 1559 5024 nunquam
1574 4944 1671 5023 potui.

299 5027 432 5091 Sanetus
446 5040 519 5089 reto
535 5025 742 5107 llicronpmus
754 5042 819 5089 nou
832 5028 1122 5112 rolantsipaineare,
1715 5098 1718 5105 s

254 5106 381 5171 Petrum
396 5115 427 5170 et
442 5109 567 5171 Paolum
582 5110 803 5190 llierosolpmis
826 5111 958 5185 ooeisos,
983 5129 1053 5176 eum
1079 5115 1124 5177 di·
1465 5102 1478 5131 ⁸
1507 5106 1622 5173 CAPUT
1636 5106 1704 5169 ΧΠ·

256 5196 343 5255 serto
357 5192 469 5254 doceat
480 5192 579 5255 libne
592 5194 649 5255 tir.
662 5191 834 5255 illustrans
848 5194 961 5258 llomae
976 5196 1124 5259 alierone

254 5272 509 5337 interiectoszsed
521 5290 558 5336 ex
568 5274 672 5337 rochis
686 5275 806 5338 llomlui
817 5276 1036 5348 denumerans
1051 5278 1124 5342 luis·
1169 5280 1355 5344 Romanurn
1365 5272 1549 5356 pontificem
1569 5272 1660 5334 Petro
1688 5268 1859 5333 succedero
1882 5264 2031 5363 inercie·

254 5372 290 5418 se
306 5357 400 5429 dona,
415 5358 725 5420 etmnrtosdircrsos
749 5358 972 5438 discipolorum
998 5360 1121 5424 Christi.
1170 5372 1178 5379 ·
1210 5360 1510 5427 stieornonurchio,
1525 5354 1685 5435 modultu
1709 5368 1751 5417 eta
1779 5352 1891 5433 diuina
1910 5364 1988 5432 pure
2004 5354 2034 5411 ct

255 5438 334 5510 (luia
346 5437 430 5501 anim
445 5436 740 5513 Dominusd‘morat,
764 5453 799 5503 so
811 5446 975 5505 missorum
991 5446 1123 5523 prophe·
1210 5446 1339 5510 ronooo
1359 5440 1582 5505 successionis.

257 5521 488 5597 tas‚sapientes
516 5522 1124 5604 olscnhas3ohssrratllicronpnusra·
1388 5535 1393 5544 “
1582 5528 1583 5540 ’

255 5603 386 5667 noesse
400 5604 481 5666 duna
495 5602 732 5683 discipulorum:
748 5606 953 5683 qularursurn
976 5608 1124 5671 Dominus
1210 5606 1491 5671 Demonstravimus
1504 5604 1665 5675 hactenus,
1681 5614 1840 5662 roruanum
1856 5594 2035 5691 pontionem

260 5686 312 5747 ait:
329 5686 485 5763 Quosdam
501 5686 674 5762 occidetis,
691 5688 839 5767 quosdam
855 5692 1056 5769 crucifigetis,
1071 5692 1125 5753 ab·
1169 5692 1260 5754 Petro
1275 5691 1446 5753 succedero
1474 5689 1507 5751 in
1522 5688 1700 5768 epist-opatu
1724 5698 1872 5744 romano:
1889 5696 1973 5767 nunc
2002 5679 2035 5772 !‘¹

255 5776 356 5831 serrat
368 5768 453 5832 idem
465 5768 670 5850 llleronpmus
685 5771 809 5834 diuerso
827 5774 936 5834 mortis
950 5788 1065 5853 genere
1080 5772 1124 5836 di·
1169 5776 1273 5855 ipsum
1288 5772 1501 5835 demonstrare
1516 5768 1710 5849 aggredimur
1732 5765 1771 5827 de
1785 5762 1986 5825 successione
2001 5776 2035 5823 ru

256 5852 396 5930 scipulos
409 5852 451 5914 de
464 5852 523 5914 hae
537 5853 597 5914 rita
606 5852 792 5933 migraturos
806 5853 915 5930 luisse,
939 5862 971 5917 et
985 5857 1126 5935 exempla
1170 5858 1334 5919 uniuersae
1349 5856 1506 5917 docleatae
1529 5854 1669 5932 primatu.
1689 5846 1815 5927 *Negant
1837 5847 1896 5908 hoe
1926 5846 2035 5906 haere·

257 5934 356 6012 ponit.
371 5932 521 6013 Stephani
532 5934 662 6015 lapidati
679 5982 687 6013 ,
700 5936 786 5999 Pauli
811 5937 911 6017 eapite
926 5939 1022 6013 oaesi,
1045 5938 1124 6001 Petri
1168 5940 1223 6003 tici
1241 5954 1350 6005 omnes
1361 5938 1455 6017 hujus
1470 5934 1627 6031 temporis,
1642 5928 1697 5995 sen
1712 5929 1880 6009 praecipue
1894 5936 2032 6007 pugnaui

258 6016 407 6078 emeinxi.
427 6016 536 6097 ltaque
550 6019 692 6097 exempla
712 6020 867 6081 haeenou
888 6020 1019 6082 tendunt
1033 6028 1065 6083 ol
1079 6022 1126 6083 in·
1171 6028 1276 6085 eontra
1293 6024 1454 6102 primatum
1473 6014 1775 6095 romanipontiliois,
1803 6012 1952 6073 lutherus
1973 6008 2032 6075 lib.
2132 6029 2140 6051 r

258 6098 445 6179 redigamus,
465 6116 615 6254 quososavm
629 6116 668 6161 ea
683 6101 846 6181 discipulis
865 6102 973 6167 iudaei
993 6106 1124 6169 oraison
1171 6102 1211 6168 ne
1227 6112 1291 6186 pot.
1307 6120 1417 6187 papae,
1431 6100 1572 6185 illyricus
1587 6100 1618 6162 in
1634 6100 1688 6161 lib.
1702 6096 1892 6247 mongum.
1913 6106 2007 6173 papae
2024 6140 2033 6173 ,

397 6196 556 6255 Balarorum
597 6214 637 6255 rs.
651 6197 674 6255 l.
1537 6224 1540 6231 ·
