4792 7009
437 668 490 753 ica
1066 683 1468 749 osnosauoaonrmcs

367 844 401 895 sc
419 824 638 909 principibus.
660 840 843 907 nonaqocrn
855 825 922 889 nist
934 823 1116 905 peripsum
1130 822 1231 897 dedit,
1280 820 1379 895 stdtis,
1402 820 1559 901 probatum
1577 838 1646 883 nam
1663 822 1776 885 nuliam
1791 822 1906 886 barbani
1920 832 2030 907 partem
2042 852 2113 907 aaa,

368 911 533 995 quidquid
556 907 721 973 stibnos
739 910 880 991 cepeoii.
903 908 939 969 Et
953 908 1044 985 epist.
1060 905 1113 969 89.
1128 904 1233 986 onrcs
1278 905 1464 984 apostoticae
1485 906 1685 969 auctoritatis.
1708 906 1844 986 Apostoli
1865 914 2004 986 poterant
2021 916 2049 978 in
2066 928 2114 989 ιιι

366 994 512 1058 moneris
532 998 774 1055 sacrumentorn
793 995 841 1055 ita
855 991 1012 1053 ιιιιιιιιιι
1026 990 1071 1053 cd
1084 990 1235 1053 omoiorn
1280 993 1427 1050 terrarum
1443 987 1518 1049 orbe
1535 989 1725 1066 praedicare,
1741 998 1770 1051 et
1783 990 1911 1051 tundarc
1927 990 2113 1076 Ecclesias,ut
2156 1011 2157 1018 ’

368 1076 589 1159 cpouotorom
603 1074 747 1157 officimo
757 1074 861 1139 coluit
872 1074 1047 1155 pertinere,
1063 1077 1100 1134 ιιι
1110 1072 1149 1133 ιι
1160 1070 1233 1133 bcoe
1279 1076 1361 1149 patet
1376 1069 1480 1132 ltattb.
1496 1070 1554 1133 ult.
1569 1079 1599 1132 et
1615 1071 1704 1133 ttarci
1718 1073 1773 1135 uit.
1786 1073 1846 1135 boc
1857 1088 1919 1135 oon
1932 1088 2110 1165 possuntqp.

368 1162 489 1225 tissima
503 1158 595 1221 Petro
610 1158 831 1237 apostolorum
845 1157 994 1219 onmium
1004 1170 1130 1217 sommo
1141 1154 1235 1234 prio·
1279 1152 1375 1231 scopi.
1399 1152 1475 1214 item
1491 1154 1619 1231 apostoli
1634 1160 1773 1233 poteraut
1787 1156 1924 1219 scribere
1939 1158 2030 1225 libros
2043 1181 2112 1235 cano

367 1242 517 1323 adpetitor
529 1241 709 1315 seduceret,
724 1246 762 1303 art
776 1240 817 1303 cb
830 1241 901 1321 ipso
916 1238 1013 1319 quasi
1023 1238 1169 1318 spondam
1180 1252 1235 1300 co·
1280 1236 1378 1307 nicos,
1395 1242 1428 1299 ot
1442 1251 1550 1299 omnes
1566 1236 1707 1311 latentur3
1725 1239 1782 1300 boc
1798 1254 1859 1299 non
1875 1250 2002 1317 possunt
2015 1248 2110 1324 cpiam

365 1328 433 1409 pite
448 1326 538 1389 dono
551 1340 613 1385 sato
629 1324 715 1386 celat
728 1324 767 1387 io
781 1337 898 1401 corpus
913 1336 1008 1383 conoe
1023 1317 1233 1400 diffunderet.
1282 1316 1326 1397 pi.
1348 1317 1485 1398 Apostoli
1500 1318 1672 1382 babuerunt
1687 1322 1803 1382 donum
1819 1321 1990 1399 linguarum
2004 1334 2032 1390 et
2043 1334 2111 1398 mira

410 1408 514 1488 lisque
537 1407 656 1480 obstat,
679 1406 761 1485 quod
781 1404 913 1485 apostoli
937 1418 997 1465 nco
1021 1405 1196 1483 acceperint
1217 1419 1254 1464 a*
1279 1399 1430 1477 colerum3
1451 1417 1513 1463 non
1535 1402 1649 1465 babent
1669 1403 1821 1483 episcopi.
1842 1403 1979 1482 apostoli
1998 1408 2111 1483 inlotam

370 1492 462 1555 Petro
472 1488 729 1569 jurisdictionem:
746 1504 815 1549 narn
833 1489 882 1549 bio
897 1486 957 1549 leo
973 1487 1107 1567 loquitur
1118 1486 1158 1550 ιι
1169 1500 1236 1545 mo·
1279 1482 1449 1547 Ecclesiam
1470 1483 1644 1548 babuerunt
1661 1484 1920 1566 jurisdictionem,
1942 1504 2003 1553 nen
2021 1492 2114 1565 babent

369 1576 409 1641 ιι
425 1574 589 1636 ordinario.
605 1567 1234 1651 quotiensEcclesiaeprinciptbus,idest,
1278 1566 1443 1646 episcopt..
1465 1566 1624 1633 Praetereo
1652 1585 1715 1630 non
1737 1569 1915 1632 succeditur
1934 1576 2051 1655 proprie
2068 1584 2112 1647 nisi

367 1656 524 1737 episcopis
539 1655 658 1715 conteri
671 1654 750 1715 dona
768 1668 835 1725 suo,
852 1669 888 1715 ac
903 1652 988 1728 droit,
1005 1650 1135 1714 conferri
1153 1649 1234 1713 ordi·
1280 1648 1491 1727 praecedenti:
1517 1655 1547 1711 at
1567 1649 1658 1713 simul
1676 1652 1799 1715 luerunt
1813 1652 1844 1714 io
1859 1651 1996 1718 Ecclesia
2009 1667 2113 1735 apostoli

370 1740 455 1803 narie
479 1754 533 1817 per
555 1737 687 1799 Petrum:
711 1735 849 1817 Apostoli
872 1741 972 1798 nutem
996 1732 1235 1797 extraordinario
1279 1737 1310 1792 et
1331 1730 1481 1811 episcopi,
1503 1738 1538 1794 ut
1557 1740 1639 1811 patet
1659 1734 1698 1796 de
1720 1735 1890 1807 limotbeo,
1913 1736 1991 1813 Tito,
2010 1738 2111 1823 Evodio,

368 1820 528 1903 privilegio
550 1837 567 1882 a
588 1817 709 1882 cbristo
737 1824 924 1897 acceperunt
944 1833 1030 1881 suam
1047 1815 1236 1896 jurisdictio·
1279 1812 1410 1894 aliisquo
1424 1817 1597 1895 permultis
1613 1817 1640 1879 si
1655 1816 1749 1896 iqitur
1762 1817 1901 1895 episcopi
1914 1824 2113 1899 apostotissuc

367 1920 451 1967 mm,
608 1908 614 1921 ι
816 1936 818 1943 ,
1278 1896 2114 1977 cedunt,cuiapostolosuccessitTitusicuilimotbeusl

414 1982 570 2049 Accedant
583 1981 698 2053 'ultituo
721 1983 811 2065 uerba
835 1981 999 2063 pontilicis,
1016 1980 1129 2061 quibus
1144 1978 1237 2041 utitur
1280 1978 1419 2061 benique
1441 1982 1552 2042 eodem
1573 1981 1666 2043 modo
1679 1984 1851 2045 succedunt
1864 1984 2002 2066 episcopi
2015 2000 2110 2069 aposto·

370 2069 401 2131 in
425 2066 572 2130 creandis
589 2066 757 2148 episcopisr
780 2068 825 2131 sic
847 2066 928 2130 enim
951 2068 1002 2143 ait:
1026 2062 1235 2137 Proeidemttc
1279 2061 1330 2132 lis,
1358 2078 1419 2139 quo
1441 2062 1608 2141 presbytcri
1623 2064 1783 2144 discipulis
1800 2064 1852 2129 li.
1867 2074 1901 2129 ut
1915 2075 1995 2145 patet
2008 2089 2041 2133 er
2054 2076 2112 2139 lna·

368 2150 531 2215 Ecclesiae
545 2149 658 2212 iulide
671 2151 888 2229 totiperaono,
903 2146 1147 2227 etprroeiicimus
1160 2152 1236 2208 eum
1279 2144 1359 2207 ctcto
1381 2145 1474 2223 epist.
1497 2144 1528 2207 3.
1544 2151 1575 2208 ιι
1588 2162 1625 2208 ex
1640 2147 1720 2208 Beda
1737 2150 1767 2208 in
1783 2165 1852 2227 cap.
1870 2147 1920 2210 to.
1937 2151 2007 2216 Luc.
2021 2163 2047 2216 nt
2058 2174 2113 2221 cna·

368 2235 406 2297 in
425 2241 560 2313 patrono,
574 2238 603 2295 et
623 2238 796 2311 passaran,
820 2248 860 2297 oc
882 2232 1069 2313 episcopans
1091 2228 1237 2309 ejusdem
1278 2232 1348 2298 stat,
1373 2227 1566 2305 presbiteros
1582 2245 1644 2291 ooo
1659 2231 1828 2293 succedere
1844 2234 1966 2309 proprie
1979 2236 2112 2316 discipulis

369 2316 542 2379 Ecclesiae.
567 2317 793 2379 committentes
814 2316 845 2377 ιι·
866 2312 1182 2377 administrationem
1194 2311 1235 2376 io
1281 2308 1331 2371 ts.
1354 2310 1410 2371 sed
1431 2312 1532 2373 solum
1552 2325 1609 2389 per
1630 2312 1884 2392 similitudinem
1907 2332 1976 2377 num
1997 2320 2111 2399 discipuli

369 2398 600 2477 temporalibus
622 2404 651 2460 ct
663 2396 900 2475 spiritualiora,
918 2397 956 2461 itt
969 2395 1102 2460 nornine
1115 2394 1233 2468 Putris,
1279 2390 1323 2452 itti
1341 2391 1391 2454 te.
1407 2408 1468 2453 nnn
1485 2393 1798 2474 lueruntprcsbyteri,
1813 2414 1870 2458 nec
1884 2398 1978 2460 uitunr
1990 2405 2111 2479 ordinem,

367 2487 396 2546 et
410 2482 488 2545 littei
500 2488 532 2547 et
546 2480 685 2562 Spiritus
699 2481 816 2553 saecli,
832 2480 947 2544 Amen.
1226 2508 1230 2515 ·
1278 2480 1331 2535 aut
1339 2474 1586 2555 jurisdictionem
1597 2494 1613 2537 ι
1626 2476 1746 2539 cbristo
1754 2488 1970 2559 susceperunt.
1984 2484 2111 2565 siquiden

1278 2555 1439 2639 Pbilippus
1454 2565 1485 2620 et
1499 2559 1684 2638 Stepbanus,
1701 2568 1732 2622 et
1744 2562 1795 2621 alii
1810 2564 1948 2641 quinque
1960 2564 2067 2629 diaconi
2077 2587 2112 2633 or·

690 2642 810 2708 cppup
831 2643 921 2709 xxv,
1279 2640 1373 2701 dionti
1397 2640 1434 2701 ab
1450 2643 1609 2720 apostolis,
1626 2642 1693 2704 dot.
1709 2642 1740 2705 ia
1757 2650 1844 2706 erant
1858 2662 1897 2706 ea
1912 2644 2061 2724 discipulis
2073 2652 2109 2714 ll.

1278 2727 1312 2783 ut
1326 2721 1518 2802 Epiphanius
1532 2725 1621 2787 dccet
1636 2726 1758 2787 baeres.
1774 2724 1826 2789 stt.
1842 2744 1923 2806 quae
1937 2735 1983 2790 est
1996 2729 2109 2795 Herodis·
2156 2757 2157 2768 ¹

466 2810 645 2875 Solvuntur
659 2815 852 2890 orpumerso
866 2807 1140 2875 cccmscrtomm.
1279 2819 1400 2868 norum:
1424 2814 1508 2869 certe
1522 2814 1623 2869 autem
1639 2824 1700 2869 non
1716 2808 1847 2872 tuissent
1861 2810 1982 2874 diaconi
1997 2814 2110 2893 ordinati,

595 2958 598 2967 ⁴
666 2950 671 2955 ,
1188 2908 1191 2913 “
1278 2887 1305 2949 si
1317 2888 1484 2966 jnmantea
1499 2888 1827 2970 luissentpresbpteri.
1923 2918 1928 2925 ·

409 2976 446 3039 dt
466 2981 573 3039 contra
595 2973 748 3056 objiciunt
768 2974 878 3054 prirnor
901 2978 1035 3037 nostram
1051 2970 1234 3035 sententiam
1320 2968 1464 3033 Secundo
1480 2971 1631 3051 objiciunt
1646 2973 1720 3034 iilud
1736 2976 1803 3035 ιιι.
1819 2970 1870 3037 ab.
1888 2976 2036 3040 Attendite
2045 2979 2111 3043 mita

369 3058 505 3138 seipsam
527 3058 700 3121 destrucre.
722 3056 794 3119 Nam
810 3057 948 3138 episcopi
964 3056 1112 3135 apostolis
1126 3072 1233 3119 succe·
1278 3057 1308 3115 et
1321 3055 1472 3116 uniuerso
1485 3056 1587 3133 prepi,
1602 3056 1640 3117 in
1650 3070 1713 3135 quo
1724 3072 1781 3118 cos
1792 3056 1933 3136 Spiritus
1944 3063 2111 3139 roridospo·

372 3140 460 3217 dunt,
475 3148 517 3205 -ut
538 3140 673 3221 pontilex
693 3156 841 3215 romaicus
855 3141 956 3217 Petro;
972 3145 1045 3219 erqo
1061 3137 1087 3201 si
1102 3137 1235 3217 apostoli
1277 3136 1344 3200 enit
1356 3137 1522 3217 episcopos
1535 3153 1646 3217 repere
1659 3139 1839 3203 Ecclesium
1852 3140 1920 3203 liei.
1938 3141 2010 3204 item
2023 3144 2109 3222 tiptrs.

368 3225 485 3288 babent
497 3220 521 3286 ‘a
545 3222 665 3286 Cbristo
683 3222 945 3303 jurisdictionem,
961 3228 995 3285 ut
1008 3221 1118 3284 asserit
1131 3227 1234 3284 nostra
1277 3216 1308 3282 l.
1330 3218 1402 3299 lpse
1423 3220 1513 3283 dedit
1533 3221 1699 3302 quosdam·
1714 3224 1887 3301 apostolos,
1903 3224 1984 3287 otios
1997 3234 2110 3304 puero

368 3306 528 3371 conclusio
543 3308 653 3387 prima,
675 3304 825 3385 sequitur,
839 3307 930 3369 etiarn
943 3305 1107 3385 episcopos
1119 3303 1235 3367 babere
1278 3304 1309 3363 ιι
1329 3301 1457 3365 doctore
1467 3301 1553 3365 alibi
1563 3305 1693 3365 nomine
1708 3311 1863 3384 pastorum
1879 3314 1912 3370 et
1925 3308 2066 3371 doctorum
2077 3309 2109 3371 in·

366 3404 384 3453 a
400 3386 531 3458 cbristo,
555 3390 636 3469 quod
653 3396 752 3452 tamen
766 3393 856 3467 ncqat
867 3388 1002 3454 sectanda
1013 3386 1183 3449 conclusio.
1196 3385 1235 3451 Et
1279 3383 1457 3463 tolliquntur
1468 3385 1619 3465 episcopi,
1632 3390 2109 3469 uteotocoerponitllieronpuus.

368 3486 388 3537 ι
408 3471 571 3537 ιιιιιιιιι.
594 3472 621 3535 sl
637 3470 777 3551 episcopi
793 3471 936 3535 babenla
952 3468 1096 3549 ponttttcc
1108 3468 1234 3548 jurisdi·
1278 3464 1316 3527 Et
1336 3464 1532 3531 confirmatur
1551 3484 1589 3531 ex
1603 3468 1753 3545 Patribus,
1771 3487 1841 3533 nam
1854 3471 2014 3555 biunpsius
2026 3473 2109 3539 iibdt

368 3556 514 3621 ctionem,
538 3560 571 3616 ut
592 3554 702 3617 asserit
723 3555 859 3621 secunda
881 3552 1057 3629 conclusi03
1073 3566 1146 3631 erqo
1161 3567 1234 3631 apo·
1277 3546 1400 3613 Eccles.
1411 3550 1566 3614 bierarclr.
1576 3568 1647 3631 cap.
1657 3551 1690 3615 d.
1699 3552 1784 3630 dicit,
1799 3556 2012 3635 episcoporum
2022 3556 2109 3618 biera·

368 3636 440 3699 stoli
454 3637 569 3703 babent
584 3654 600 3697 a
616 3636 721 3711 Petro,
733 3636 814 3715 quod
833 3643 933 3703 tamen
947 3641 1038 3716 negat
1049 3635 1145 3718 prima
1159 3644 1234 3696 con·-
1277 3630 1377 3694 cbiam
1391 3632 1567 3703 immediate
1582 3634 1737 3696 terminari
1752 3637 1783 3714 io
1795 3636 1915 3701 lesum.
1929 3638 2109 3701 sicutinlcrio·
2156 3633 2157 3658 ¹

368 3718 479 3781 clusio.
502 3716 575 3787 ilani
597 3734 761 3784 successor
782 3718 819 3783 ab
842 3734 879 3783 eo
902 3718 993 3782 babet
1008 3732 1094 3781 suam
1106 3714 1233 3801 jurisdi·
1277 3714 1733 3797 rosordinespresbytororum,
1747 3718 1946 3800 diaconorum
1971 3720 2109 3783 etalierun
2156 3787 2157 3790 ,

371 3803 516 3875 ctionem,
540 3818 555 3862 a
578 3816 639 3880 quo
660 3802 765 3865 babuit
786 3802 1018 3880 praedecessor,
1041 3799 1154 3878 alioqui
1171 3815 1232 3861 non
1276 3800 1479 3861 terminantur
1492 3797 1524 3861 in
1533 3800 1733 3879 episcopum.
1749 3800 1920 3883 Cyprianus
1936 3804 1990 3867 lib.
2002 3803 2030 3866 3.
2039 3803 2107 3881 epist
2156 3845 2157 3852 ι

367 3900 439 3948 rere
454 3884 603 3955 succedit,
616 3884 671 3945 sed
683 3883 918 3950 inslituituralio
931 3883 1050 3947 urdine:
1064 3881 1233 3945 succedere
1277 3879 1309 3941 it.
1331 3880 1369 3941 nd
1386 3878 1550 3961 ¹lioqntian.
1571 3882 1659 3954 dicit,
1682 3885 1847 3962 episcopos
1862 3902 1878 3948 a
1894 3885 2011 3950 cbristo
2021 3884 2108 3957 lieris

368 3975 470 4032 nutem
489 3966 657 4053 episcopos
672 3968 820 4054 apostolis
836 3968 926 4029 docet
940 3964 1141 4045 augustinia
1154 3964 1233 4045 psal.
1278 3976 1339 4041 quo
1364 3964 1495 4044 apostoli
1516 3965 1609 4027 creati
1630 3973 1715 4028 sunl:
1732 3964 1884 4031 Diaconos
1895 3976 1997 4031 ¹autenr
2011 3966 2044 4029 ab
2056 3983 2109 4045 apo·

367 4048 420 4117 ll,
437 4064 603 4125 ,exponens
617 4048 706 4111 'enirn
729 4050 818 4115 ittuda
840 4049 902 4112 Pro
921 4048 1068 4130 patribus
1083 4047 1147 4110 tois
1161 4048 1233 4113 noti
1256 4043 1378 4120 stolis,
1400 4062 1462 4111 oon
1482 4062 1500 4109 a
1521 4046 1641 4112 cbristo
1660 4046 1828 4113 institutos.
1848 4051 2017 4115 bernardus
2029 4049 2073 4113 tii.
2085 4048 2106 4110 l.

368 4136 446 4195 sont
466 4130 525 4195 libi
542 4130 616 4213 pilii·
628 4137 747 4211 patres,
764 4132 878 4211 inquit,
890 4134 980 4195 missi
993 4130 1231 4209 scotomatus,
1276 4126 1316 4191 dc
1337 4126 1528 4193 consideret.
1550 4130 1661 4200 Erras.
1676 4131 1785 4212 inquit,
1805 4132 1887 4197 si'ot
1900 4148 2063 4205 ιιιιιιιιι,
2075 4135 2108 4194 ito

364 4230 427 4293 pro
436 4215 586 4293 apostolis
596 4212 658 4292 iiiii
667 4217 739 4279 noti
748 4224 836 4289 stant,
849 4215 1098 4279 commotisunt
1113 4214 1232 4292 apiano⁴
1276 4210 1613 4276 etsotomtrrrtttotcm
1622 4231 1649 4276 o
1662 4212 1725 4279 lieo
1739 4216 1892 4280 desiimus
1905 4221 2039 4281 cestram
2049 4230 2108 4293 opo·

367 4298 417 4378 pi.
442 4296 520 4359 Hinc
541 4290 631 4367 etiam
653 4299 817 4361 concilium
831 4297 1025 4361 florentinum
1041 4296 1073 4359 in
1090 4299 1231 4364 instruct.
1275 4293 1622 4376 atottccnrpctcstctem
1633 4301 1692 4361 etc.
1719 4326 1723 4333 ·

369 4382 530 4447 Armenoc.
554 4386 584 4442 ιι
605 4381 716 4448 concil,
735 4382 856 4443 trident.
874 4397 954 4444 sess.
970 4380 1022 4442 23.
1038 4395 1106 4459 cap.
1123 4378 1154 4440 l.
1168 4379 1233 4457 epi·
1319 4376 2108 4461 ttcspcndcoadprtmuutocomcbtctcpiscoposcon·

368 4476 481 4540 scopos
496 4462 526 4523 in
544 4462 644 4525 locum
661 4462 866 4542 apostolorum
881 4462 1073 4528 successisse
1088 4460 1212 4537 ducent.
1278 4458 1400 4523 stitutus
1413 4476 1430 4523 tt
1443 4460 1557 4542 Spiritu
1566 4469 1674 4523 sancto
1685 4477 1749 4524 non
1760 4464 1947 4538 immediate,
1959 4464 2011 4526 sed
2023 4460 2108 4524 medin·

409 4540 607 4623 Respondes:
631 4546 771 4624 ltaqnum
794 4562 864 4609 asse
887 4546 1053 4609 discrimen
1069 4545 1148 4607 inter
1161 4560 1233 4612 soc·
1278 4547 1322 4620 le;
1345 4543 1415 4637 quia
1430 4544 1559 4623 apostoli
1574 4544 1743 4625 inspirante
1759 4545 1834 4622 lieo,
1851 4552 1882 4608 et
1896 4548 2002 4609 virtute
2014 4549 2109 4621 accepta

368 4627 542 4689 cessionem
567 4626 657 4704 Petri,
675 4634 705 4689 ιι
719 4628 852 4691 ιιιιιιιι
902 4630 1080 4695 ostoiorum.
1097 4626 1170 4690 Nom
1184 4643 1232 4691 ro·
1278 4623 1427 4712 repono
1439 4633 1544 4688 sanem
1555 4626 1627 4689 illos
1638 4627 1803 4707 episcopos
1814 4628 2040 4693 constituerunt.
2052 4624 2109 4701 bno·

370 4724 477 4771 manus
492 4710 628 4788 pontifex
643 4712 765 4791 proprie
778 4727 869 4773 succe
892 4710 1025 4785 illeso,
1040 4726 1100 4776 oon
1114 4714 1231 4790 utapo·
1277 4708 1369 4771 modo
1390 4710 1480 4770 etiam
1501 4709 1568 4771 Act.
1592 4709 1643 4772 ts.
1665 4711 1789 4772 dicunt:
1816 4712 1924 4775 ιιιιιιι
1937 4717 1981 4774 ιιι
1999 4705 2108 4788 spiritui

368 4792 470 4866 stolo,
485 4792 539 4873 sed
565 4801 594 4855 ot
610 4793 730 4871 pastori·
740 4793 894 4856 ordinario
908 4794 1001 4860 totius
1015 4792 1185 4871 Ecclesiam
1202 4801 1233 4856 ct
1275 4795 1386 4855 coarcto
1401 4797 1430 4853 ιι
1441 4790 1546 4864 nobis,
1562 4791 1633 4857 Non
1646 4798 1692 4855 cst
1703 4798 1841 4873 potestas
1855 4796 1922 4859 nisi
1932 4794 2030 4869 ollem
2040 4788 2107 4852 nimi·

367 4872 439 4937 idco
451 4874 488 4937 ab
500 4875 553 4937 ilio
565 4875 658 4941 itabat
670 4892 813 4952 romanus
825 4876 958 4954 pontiler
969 4875 1228 4957 jurisdictionem,
1276 4890 1345 4937 rum
1360 4874 1492 4937 mediato
1506 4875 1554 4937 nel
1569 4875 1758 4939 immediate.

368 4972 385 5019 ιι
409 4974 471 5035 qun
492 4956 597 5019 babuit
618 4959 739 5021 Petrus:
764 4965 792 5019 ιι
814 4961 952 5040 episcopi
975 4974 1037 5021 non
1058 4957 1230 5020 succedunt
1315 4956 1543 5021 ddsecuodom
1555 4958 1637 5020 dico:
1651 4958 1697 5019 lbi
1709 4958 1837 5038 exprimi
1848 4958 2019 5038 generalem
2029 4952 2110 5017 Eccle-

367 5040 492 5119 proprie
505 5042 660 5120 apostolis,
676 5042 820 5119 quoniam
832 5040 962 5121 aposloli
974 5056 1036 5106 noo
1047 5038 1171 5103 luerunt
1181 5054 1231 5103 or·
1277 5039 1343 5101 siaa
1364 5038 1514 5113 ordinem,
1537 5042 1589 5119 qui
1612 5044 1680 5104 sine
1702 5041 1797 5115 dubio
1819 5042 1857 5104 de
1877 5038 2107 5121 juredirioocst·

369 5121 490 5198 dinarii,
508 5123 562 5185 sed
578 5124 819 5196 extraordinarii,
837 5132 867 5187 et
882 5124 968 5206 qnasi
984 5122 1117 5204 delegati
1130 5124 1231 5205 paslo·
1277 5119 1361 5184 Deus
1382 5123 1466 5200 enim
1486 5128 1534 5186 est
1554 5124 1606 5203 qui
1623 5124 1769 5198 instituit,
1791 5132 1823 5188 ιιι
1835 5124 1868 5186 in
1883 5124 2014 5187 Ecclesia
2027 5120 2110 5183 essent

368 5218 432 5271 res.
449 5204 592 5283 qualibus
608 5220 668 5267 non
684 5200 871 5273 succeditur.
1278 5203 1421 5287 apostoli,
1439 5207 1618 5285 propbetas,
1635 5212 1774 5285 pastores
1789 5213 1821 5271 et
1834 5207 1985 5274 doctores.
2000 5202 2050 5268 etsi
2064 5214 2108 5261 oon

409 5286 685 5350 Dicuntur.lamcn
708 5289 848 5371 episcopi
869 5288 1038 5357 succedere
1060 5286 1229 5369 apostolis,
1277 5286 1423 5350 omnibus
1436 5287 1615 5350 immediate
1627 5291 1836 5351 anctoritatem
1850 5289 1918 5369 ipse
1932 5287 2051 5351 dederit.
2090 5362 2094 5373 Ι

370 5383 434 5435 non
455 5371 578 5451 proprie
600 5387 638 5433 eo
659 5371 761 5435 modo.
778 5388 838 5451 quo
853 5384 935 5435 unus
949 5373 1115 5452 episcopus
1131 5371 1230 5439 atteri,
1316 5366 1362 5435 at
1375 5370 1496 5433 tertium
1507 5370 1588 5433 dico:
1602 5372 1781 5451 Dionysium
1792 5373 1876 5453 loqui
1900 5369 2107 5443 docmincep·

373 5457 402 5513 et
424 5469 505 5517 unus
526 5468 580 5517 rex
600 5454 698 5527 alteri,
715 5454 769 5516 scd
786 5454 900 5537 duplici
915 5452 1233 5519 strenuosissimo
1278 5468 1524 5532 scoporummon
1540 5454 1578 5515 ιι
1587 5454 1815 5533 jurisdictione.
2090 5528 2095 5539 ‚

372 5534 489 5599 ratione
522 5537 638 5600 ordinis
670 5536 748 5600 sacri
781 5537 979 5617 episcopalis.
1012 5536 1155 5599 Secundo
1177 5553 1233 5615 por
1318 5536 1363 5597 ad
1378 5542 1519 5614 quartum
1530 5535 1611 5600 dico:
1626 5536 1808 5616 cyprianum
1820 5537 1910 5612 relic,
1922 5535 2106 5623 ordinemept·

373 5618 534 5695 quamdam
555 5618 786 5688 similitudieem
801 5628 832 5683 et
845 5619 1085 5703 proportionem:
1103 5619 1171 5698 quia
1187 5620 1233 5681 ni·
1278 5631 1443 5697 scoparum
1464 5619 1502 5680 ab
1525 5619 1594 5698 ipso
1614 5619 1734 5682 cbristo
1749 5621 1923 5682 institutum.
1934 5633 2012 5693 esse3
2027 5628 2103 5693 prou·

372 5701 480 5763 mirum
503 5702 583 5765 sicut
606 5703 726 5765 cbristo
746 5702 777 5767 in
798 5702 889 5765 terris
911 5702 1040 5773 virente,
1063 5702 1151 5781 primi
1173 5702 1231 5765 sub
1278 5700 1322 5763 de
1328 5700 1397 5780 jnre
1412 5700 1515 5764 dirino
1529 5702 1561 5764 io
1576 5700 1744 5764 Ecclesiam
1760 5703 1973 5766 introductum:
1994 5697 2106 5761 ordinent

373 5778 492 5845 cbristo
507 5792 594 5847 crant
611 5787 738 5863 apostoli
755 5786 930 5861 duodecim,
947 5785 1059 5849 deinde
1075 5783 1232 5847 tedisci·
1279 5798 1352 5846 sero
1365 5782 1564 5849 diaconorum
1579 5785 1618 5847 ab
1632 5785 1778 5863 apostolis
1793 5786 1925 5862 primum
1935 5778 2106 5859 excogitatum

371 5863 449 5941 puli;
465 5867 504 5927 iia
522 5884 604 5931 nuno
619 5867 708 5946 primi
724 5869 782 5932 sub
794 5884 919 5933 romano
932 5868 1075 5946 pontiiioe
1086 5874 1159 5931 sunt
1170 5866 1236 5947 epi·
1280 5864 1387 5929 luisse.
1404 5864 1499 5947 Cujus
1513 5866 1681 5931 sententiae
1697 5874 1813 5946 partem
1824 5856 2108 5956 posterioremscbols

373 5949 472 6027 scopi,
489 5956 628 6027 postaos
644 5950 824 6031 presbytori,
841 5952 913 6014 inde
930 5953 1048 6014 diaconi
1065 5954 1125 6013 etc.
1171 5980 1177 5987 ·
1280 5949 1494 6030 theologorum
1516 5950 2107 6030 communiterrejiciuscdstrcsnrcn,

415 6028 457 6093 lta
477 6046 551 6095 uero
564 6032 743 6109 succedere,
761 6043 791 6095 et
803 6052 867 6097 noo
883 6035 969 6097 alitur
985 6034 1149 6114 episcopos
1165 6048 1235 6115 ppo·
1282 6030 1345 6093 siae
1361 6032 1448 6109 laisa,
1465 6033 1541 6097 nibil
1557 6032 1626 6097 lacit
1639 6032 1675 6093 ad
1690 6034 1882 6111 propositum
1897 6031 2035 6099 nemum·
