4792 7009
1062 824 1106 884 HE
1125 822 1263 885 nenton
1282 819 1458 881 berrillos

714 960 834 1027 orror
854 959 896 1025 ll.
1278 954 1380 1019 menis
1392 955 1537 1035 plurimas
1551 954 1720 1021 seditiones
1730 962 1812 1021 ortas
1833 972 1915 1035 esse,
1945 976 2016 1025 cnm
2042 963 2144 1027 dimo·

1276 1038 1368 1102 cratia
1382 1038 1508 1135 rigeret,
1523 1038 1607 1103 addit
1620 1040 1787 1104 continuo:
1806 1040 1875 1107 linc
1894 1051 2004 1109 numm
2027 1062 2145 1147 alapam

412 1253 554 1334 limile&
565 1253 708 1335 “midaii
729 1250 953 1318 mmm
974 1254 1004 1312 θ’
1016 1246 1233 1313 mmmm
1318 1286 1362 1349 Hx
1379 1288 1563 1359 oratoribus,
1575 1286 1727 1352 Isocrates
1741 1289 1772 1352 in
1788 1308 1823 1353 ea
1845 1294 1983 1355 oratione
1997 1308 2077 1372 quae
2094 1294 2142 1355 in·

415 1340 568 1421 imm·
709 1342 717 1361 '
1277 1367 1420 1433 scribitur
1433 1368 1692 1448 Nicocles,mutlis
1705 1372 1875 1437 rationibus
1887 1376 1945 1437 bno
1957 1377 2060 1455 ipsum
2071 1394 2145 1456 pro·

1277 1451 1351 1515 bare
1366 1451 1534 1515 contendit.
1546 1450 1634 1515 Jnan.
1650 1469 1723 1517 rero
1738 1454 1887 1519 Stobaeua
1899 1457 1950 1520 to.
1964 1458 2063 1522 Serra.
2083 1461 2146 1521 boc

413 1544 451 1607 ut
461 1544 554 1625 igitur
569 1540 694 1623 aprima
715 1539 922 1620 incipiamus3
943 1538 1008 1601 Han
1022 1551 1233 1617 comparamus
1277 1534 1364 1597 titulo
1379 1534 1576 1613 praenotavit,
1588 1540 1630 1599 aar
1642 1533 1785 1609 κε’λλιςεν
1798 1535 1815 1619 54
1828 1546 1991 1622 μοναρχίαι
2001 1547 2096 1621 alque
2112 1542 2146 1603 in

374 1626 436 1691 boc
450 1628 519 1690 loce
534 1622 742 1690 monarchiam
756 1640 827 1687 eum
842 1622 929 1687 mixti
941 1619 1100 1701 regiminis
1114 1618 1230 1697 termis
1277 1632 1315 1681 ee
1330 1632 1473 1680 sermone
1493 1616 1630 1693 Hesiodi,
1647 1618 1814 1699 Euripidis,
1831 1620 1944 1699 Scrini,
1960 1622 2144 1702 Ecpbanlis,

373 1725 476 1788 neque
491 1726 558 1773 eam
573 1706 675 1769 mixtis
689 1712 720 1770 et
733 1704 927 1786 simplicibus
941 1702 1084 1769 omnibus
1106 1707 1232 1783 antepo·
1276 1698 1467 1778 aliarumque
1482 1700 1645 1763 mullorum
1660 1704 1697 1765 ad
1712 1702 1771 1765 boc
1783 1704 1885 1784 ipsum
1897 1705 2143 1769 confirmandum

372 1793 490 1870 nimus3
506 1790 562 1854 sed
573 1790 633 1853 boc
645 1790 747 1853 solnm
761 1786 975 1861 asserimus,ai
990 1785 1121 1865 simplex
1131 1785 1232 1865 aliqua
1280 1780 1453 1849 testimonia
1470 1782 1620 1861 producit.

374 1874 472 1938 torma
488 1870 647 1953 regiminis
662 1870 838 1935 necessario
852 1870 995 1951 eligenda
1008 1869 1049 1931 sil
1064 1914 1073 1943 ‚
1094 1867 1163 1931 sinc
1176 1870 1232 1930 du·
1316 1865 1488 1929 Herodotus
1503 1881 1540 1928 ex
1554 1864 1714 1930 Historicis
1728 1866 1784 1931 lib.
1809 1867 1840 1933 3.
1854 1868 1905 1949 qui
1917 1868 2020 1935 realia
2035 1870 2149 1935 inscri-

374 1956 427 2019 blc
442 1956 618 2036 eligendam
633 1970 704 2017 esse
721 1952 983 2018 monarchiamid
996 1966 1074 2039 rere
1082 1950 1132 2015 bis
1143 1966 1232 2032 argu·
1275 1946 1370 2024 bitur,
1387 1964 1457 2011 cnm
1472 1948 1668 2027 exposuisset
1678 1950 1804 2013 caedem
1825 1968 1994 2031 magorum,
2018 1956 2071 2033 qui
2096 1972 2145 2017 rc-

374 2040 489 2102 rncnlis
501 2037 750 2118 comprobamus.
1276 2046 1370 2111 gnum
1385 2029 1417 2091 in
1432 2029 1557 2093 Perside
1571 2040 1812 2111 occupaverant3
1835 2036 1959 2114 exponit
1973 2036 2067 2099 etiarn
2081 2037 2147 2101 dis-

410 2122 525 2185 Primo:
542 2120 730 2185 conveniunt
744 2118 777 2182 in
797 2118 879 2182 banc
904 2114 1089 2181 sententiam
1108 2119 1231 2179 veteres
1279 2112 1479 2193 putationem,
1495 2126 1574 2193 qnae
1590 2112 1668 2177 inlcr
1683 2115 1839 2194 principes
1852 2124 1969 2181 versata
1984 2119 2084 2182 luerat
2099 2122 2141 2182 de

371 2220 482 2268 amnes
508 2203 676 2283 scriptores
702 2200 842 2275 bebrael,
863 2201 977 2282 praeci.
1001 2198 1097 2274 latini,
1113 2198 1231 2261 lbeoto·
1276 2196 1435 2275 republica
1469 2195 1695 2259 constituenda.
1726 2196 1820 2279 Cujus
1856 2200 2073 2279 disputationis
2116 2204 2144 2266 is

368 2288 412 2367 gi,
429 2285 619 2367 pbilosopbi,
635 2290 783 2359 oratores,
798 2284 1072 2363 nistorielpaaue.
1087 2279 1132 2343 Ex
1143 2282 1230 2343 tbeo-
1274 2280 1373 2342 exitus
1388 2278 1491 2351 luil,ut
1504 2278 1667 2357 dillpenler
1681 2281 1820 2343 excussis
1833 2298 1940 2345 eornm
1961 2285 2143 2357 sententiis,

369 2370 451 2451 logis
465 2368 622 2443 bebraeis,
644 2367 731 2431 Pbilo
748 2368 781 2431 in
803 2367 858 2430 lib.
885 2366 925 2430 de
948 2365 1070 2429 centus.
1096 2363 1230 2443 linguar.
1275 2362 1394 2443 quipro
1410 2358 1594 2425 aristocralin
1616 2362 1665 2425 rei
1681 2362 1978 2442 politiacerlabanl,
2000 2368 2146 2431 emnium

371 2453 502 2516 laudans
515 2450 641 2515 Homeri
660 2450 858 2514 sententiam:
874 2448 972 2520 mod,
988 2446 1230 2527 montemultra
1277 2444 1497 2520 consensione,
1513 2460 1576 2507 uno
1588 2450 1705 2507 tantum
1718 2454 1870 2524 excepto,
1887 2450 2063 2513 monarchia
2078 2452 2142 2513 uti·

371 2536 561 2616 imperitare
573 2534 700 2598 mlum
713 2539 769 2605 cat,
791 2548 854 2597 rem
866 2533 985 2596 unicam
1006 2536 1082 2606 cato,
1096 2544 1167 2594 nem
1185 2529 1232 2593 ad
1274 2526 1437 2591 tissimum
1452 2526 2144 2613 praestantissimajudicaretur,etpropterea

367 2617 702 2681 cinitotcrclbemr'nea
712 2615 1076 2697 monopolitanam
1086 2613 1232 2676 adarm-
1277 2609 1369 2675 ctiam
1384 2608 1416 2671 ln
1430 2608 1558 2673 Perside
1572 2610 1768 2673 retineretur.

370 2700 451 2763 dom
465 2704 496 2763 et
511 2699 626 2763 ileum.
1315 2691 1455 2771 lienique
1465 2706 1504 2755 ex
1517 2691 1630 2769 Poetis,
1643 2690 1795 2756 Homerus
1806 2693 1838 2755 in
1850 2692 2055 2761 2.lib.lliados
2067 2714 2145 2761 sen·
2209 2684 2210 2717 ³

412 2782 458 2844 Hx
473 2781 610 2855 limeris,
625 2781 659 2843 b.
673 2779 813 2843 lustinus
825 2779 857 2843 in
869 2782 945 2844 orat.
958 2778 1076 2843 exbort.
1092 2776 1131 2841 ad
1143 2780 1228 2857 pent.
1274 2775 1398 2837 tentiam
1410 2774 1493 2837 illam
1504 2774 1629 2856 protulit
1639 2772 1677 2837 ab
1692 2776 1835 2839 omnibus
1847 2794 1927 2855 pena
1934 2778 2144 2859 scriptoribus

371 2865 537 2928 multorum
551 2863 757 2945 principatum
770 2868 896 2925 nemum
910 2876 981 2925 esse
996 2860 1097 2934 docel,
1113 2864 1145 2922 et
1157 2876 1231 2921 coa·
1274 2857 1470 2931 celebratam,
1499 2860 1553 2921 ονκ
1569 2854 1686 2937 ἀγαθὸν
1703 2856 1926 2940 πολυκοιρανίη,
1941 2856 1987 2934 εἰς
1999 2860 2147 2944 κοίρανος

369 2954 427 3019 lra,
444 2947 538 3010 unius
552 2945 659 3009 utilem
674 2951 705 3007 el
718 2945 894 3007 salutarem:
905 2944 1003 3008 limiae
1018 2942 1230 3021 emiminquil,
1275 2934 1350 3015 ἒςω,
1366 2940 1410 3012 εἰς
1427 2937 1580 3020 βασιλεὺς.
1598 2939 1641 3002 lo
1653 2942 1735 3020 quod
1758 2940 1882 3005 Homeri
1907 2945 2145 3023 testimonium,

367 3031 619 3110 pmncipamsm
629 3028 717 3091 bettio
731 3028 943 3109 dissidiisque
955 3027 1137 3101 salutamen
1151 3024 1233 3088 tiber
1274 3022 1463 3101 quodsolum
1476 3036 1514 3087 ex
1523 3022 1847 3087 tammullisadrersus
1858 3028 2040 3090 sententiam
2049 3045 2144 3093 suam

371 3112 654 3176 manumittentes
665 3109 977 3190 quaquelrnanaslus
988 3109 1019 3170 in
1032 3107 1231 3171 oratadrers.
1275 3104 1400 3186 objecit,
1416 3106 1583 3183 respondet
1598 3103 1739 3168 Calvinus
1754 3106 1809 3169 lib.
1825 3106 1857 3169 l.
1873 3107 1973 3171 Instll.
1989 3128 2058 3191 cap.
2073 3113 2108 3189 ll,
2125 3114 2143 3195 l

368 3195 444 3258 idol.
465 3195 609 3267 illenim,
625 3193 981 3273 inquitmultitmdimem
991 3192 1129 3254 bennam
1143 3190 1232 3254 dimi·
1274 3185 1306 3249 8.
1318 3187 1438 3252 Facitis
1460 3194 1522 3259 est,
1549 3187 1659 3268 inquil,
1674 3190 1854 3267 responsio:
1878 3207 1947 3255 nom
1968 3196 2056 3258 caim
2077 3196 2143 3259 bec

366 3294 441 3341 mara
454 3276 641 3341 multitatem
653 3291 720 3339 erac
733 3276 943 3339 dammim
1021 3286 1083 3353 pate
1102 3288 1231 3337 maesse
1273 3270 1484 3336 annonario
1498 3271 1663 3335 Homerico
1680 3270 1795 3352 diesne,
1810 3272 1913 3336 octab
1927 3275 2002 3338 aliis
2017 3276 2142 3342 leuda-

367 3366 414 3423 eat
423 3360 669 3424 mollitudinem
681 3358 950 3439 principumida
1003 3360 1105 3431 eremi
1116 3356 1230 3418 autina
1274 3354 1543 3431 crumenarum,
1560 3354 1657 3437 quasi
1669 3368 1756 3441 anae
1771 3354 1884 3419 debeat
1904 3362 2005 3421 tolum
2026 3358 2143 3425 orbem

368 3438 1142 3605 erercuoirlllrltlloclrr
1161 3453 1231 3503 ”⁰⁷⁵
1272 3437 2140 3605 llitllllrlllelltlllointererimus

409 3608 455 3671 lix
469 3608 585 3671 Latinis
598 3608 680 3670 idem
692 3608 793 3680 docet,
809 3600 1078 3687 bdpprianusqni
1094 3602 1126 3665 in
1141 3607 1227 3666 tract.
1274 3618 1340 3667 esee
1352 3604 1518 3667 consortia.

366 3690 407 3755 de
420 3690 596 3755 ldclmanil.
613 3706 651 3754 ex
663 3706 700 3753 eo
715 3688 908 3771 potissimum
923 3686 1042 3767 probat,
1052 3684 1230 3751 ileumesse
1313 3686 1351 3747 At
1363 3692 1446 3749 certe
1458 3685 1484 3748 si
1499 3684 1586 3748 lacilc
1597 3684 1652 3747 tull
1667 3684 1787 3751 Calvino
1799 3690 1999 3769 respendere,
2012 3689 2140 3755 lucillus

367 3789 477 3850 unum,
493 3773 563 3853 quia
579 3772 753 3835 monarchia
768 3773 809 3834 sil
823 3774 983 3851 optimum,
999 3774 1030 3832 el
1043 3768 1230 3831 naturallssi·
1274 3768 1365 3832 nobis
1379 3770 1437 3831 erit
1450 3768 1681 3848 responsionem
1697 3769 1765 3849 ejus
1780 3772 1920 3835 relutare.
1937 3774 2007 3837 llam
2022 3772 2073 3836 rel
2089 3777 2141 3837 ni·
2208 3794 2209 3807 ¹

369 3872 454 3919 mum
471 3857 623 3936 regimen:
639 3856 686 3917 Ad
700 3856 874 3929 dicineum,
903 3850 1027 3932 inquit,
1054 3852 1231 3931 imperium
1274 3852 1318 3915 bil
1333 3850 1416 3927 dicit,
1433 3851 1480 3915 rel
1495 3851 1576 3931 quod
1588 3866 1646 3913 nos
1658 3850 1788 3914 dicimus
1800 3854 1883 3931 dicit,
1900 3856 1947 3917 rcl
1963 3856 2074 3919 lalsum
2090 3858 2141 3921 di-

370 3940 470 4002 ctr‘am
483 3939 524 4001 dc
543 3940 637 4003 term'a
646 3944 833 4002 mutuemur
848 3935 1046 4016 coemptam
1068 3936 1229 4015 comoedo
1275 3934 1327 4013 cil,
1344 3940 1374 3997 el
1388 3933 1447 3997 sibi
1459 3934 1647 3997 contradicit.
1665 3932 1697 3997 Si
1713 3932 1806 4008 enim,
1822 3952 1892 4021 cum
1907 3938 1957 4015 alt,
1974 3956 2071 4002 unum
2086 3958 2140 4004 rc-

370 4038 522 4103 unpocm
534 4023 630 4101 reperi
642 4022 777 4085 camelae
803 4024 860 4083 oet
873 4036 948 4083 eum
958 4018 1044 4082 Hide
1055 4018 1231 4098 coepieerd
1274 4032 1369 4099 gnum
1383 4032 1444 4079 non
1460 4032 1568 4095 capere
1582 4016 1736 4093 duos,rim
1747 4018 1817 4079 lacit
1831 4020 1862 4079 in
1877 4018 1971 4082 verbo
1982 4036 2139 4103 reparant,

374 4105 446 4167 aiae
461 4120 578 4169 cruore
599 4104 726 4166 desiit?
748 4108 781 4165 et
806 4102 840 4164 b.
861 4100 1067 4181 Hieronymus
1088 4100 1120 4161 ia
1135 4102 1227 4179 epist.
1274 4107 1306 4163 al
1319 4101 1386 4163 vult
1396 4100 1510 4176 dicere,
1526 4115 1654 4181 regnum
1670 4100 1793 4180 proprie
1808 4100 1923 4164 dietum
1946 4114 2140 4183 nonsscapere

371 4187 410 4249 ad
426 4188 582 4249 llnslieum
595 4185 840 4257 monachornm,
853 4184 963 4265 inquit,
973 4185 1163 4263 imperator,
1172 4182 1229 4263 ju-
1274 4182 1364 4258 duos,
1381 4182 1451 4263 quia
1467 4182 1492 4243 si
1505 4183 1565 4245 duo
1580 4184 1718 4255 sint,non
1734 4182 1791 4245 erit
1805 4200 1934 4263 regnum
1950 4186 2075 4263 proprie
2091 4188 2141 4249 di·

370 4271 438 4334 deac
451 4286 540 4334 umus
552 4270 753 4349 prouinciae.
769 4268 872 4333 Homo
885 4314 894 4342 ,
906 4273 944 4331 ut
959 4266 1091 4329 corrdila
1105 4271 1170 4337 cst,
1185 4264 1228 4327 ai·
1276 4271 1370 4338 clum,
1383 4280 1452 4329 enm
1467 4280 1594 4345 regnum
1609 4265 1732 4343 proprie
1746 4266 1786 4327 sil
1799 4270 1892 4329 unius
1905 4267 2038 4330 bominis
2051 4286 2138 4331 sum·

371 4352 443 4415 mul
455 4352 573 4415 babere
584 4354 666 4416 duce
679 4353 797 4433 fratres
811 4366 901 4429 repes
927 4366 997 4413 non
1008 4349 1123 4429 pomer.
1140 4347 1231 4410 lieni-
1276 4361 1325 4411 ma
1339 4352 1486 4428 poteslas:
1503 4354 1566 4409 lum
1580 4346 1658 4409 nibil
1673 4348 1798 4410 omnino
1821 4349 1919 4423 dicit,
1949 4350 2005 4413 sed
2031 4352 2137 4414 solum

375 4450 438 4515 qua
451 4451 479 4497 s.
494 4434 627 4497 Thomas
641 4436 673 4498 ln
688 4435 718 4498 l.
734 4452 767 4516 p.
783 4451 816 4515 q.
833 4432 905 4496 tllll.
919 4430 1229 4495 arl.3.cltib.l.conl.
1277 4430 1643 4511 ambignitatemrbomm
1663 4428 1793 4493 cuccoli
1813 4431 1957 4495 tenebras
1970 4434 2139 4513 imperitis.

374 4522 460 4597 peril.
475 4532 544 4596 cap.
554 4516 606 4579 lo.
1277 4512 1351 4577 llam
1366 4528 1403 4576 eo
1417 4528 1511 4575 sensu
1525 4512 1777 4589 dicere,regnum
1792 4528 1855 4575 non
1867 4514 1948 4593 capit
1958 4514 2139 4593 dnos,idcm

410 4599 479 4662 Jarn
489 4614 527 4661 ex
541 4598 735 4679 pbilosopbis
753 4645 761 4670 ,
787 4598 873 4660 Plaln
891 4597 923 4659 in
938 4595 1027 4660 Petit.
1053 4596 1133 4659 ultra
1146 4594 1230 4658 med.
1278 4594 1431 4677 significat
1444 4612 1479 4658 ac
1493 4593 1519 4657 si
1534 4594 1645 4673 aliquis
1660 4594 1797 4668 diceret,
1813 4596 1952 4677 regimen
1968 4599 2060 4663 unius
2076 4617 2142 4661 non

373 4679 783 4760 neminemneminer
798 4680 890 4744 berria
909 4680 1070 4743 inetrracta
1084 4677 1205 4757 lapibus
1221 4724 1230 4753 ,
1279 4686 1327 4742 esl
1339 4678 1477 4759 regimen
1491 4678 1632 4741 duorum:
1650 4682 1772 4741 elanus
1792 4680 1885 4742 boma
1901 4696 1963 4743 non
1983 4688 2057 4744 sunl
2077 4682 2142 4745 duo

373 4765 428 4828 tem
441 4765 578 4828 illarum
591 4764 739 4826 omnium
753 4763 875 4845 optimc
895 4769 951 4825 eal:
965 4762 1235 4841 procreationem
1280 4760 1435 4838 bomines3
1451 4760 1488 4823 ad
1504 4762 1586 4840 quod
1600 4759 1863 4840 pronunciandum
1880 4762 1957 4825 nibil
1977 4778 2057 4847 opus
2072 4771 2140 4829 crat

372 4864 448 4912 cero
464 4864 549 4916 cam.
562 4848 601 4910 a'n
615 4861 682 4927 quo
694 4862 764 4911 moa
784 4846 880 4909 melli
901 4846 1077 4923 imperant,
1091 4845 1236 4907 mediam
1282 4843 1431 4923 sapientia
1444 4840 1576 4923 Ulyssis.

371 4946 501 4995 camere
525 4929 690 4992 debemus:
715 4936 880 4997 reclamem
900 4928 1077 4991 muttnmam
1095 4926 1237 4989 admini-
1323 4926 1439 4989 Sirero
1453 4924 1584 4989 neurim
1599 4924 1630 4989 in
1645 4924 1739 4989 rerba
1753 4924 1842 4999 lacit,
1859 4926 1913 4989 sed
1929 4944 1986 5007 per
2005 4944 2140 5009 reguum

371 5015 559 5077 strationem
568 5012 717 5076 amandam
728 5013 768 5077 in
779 5010 875 5075 rama
888 5006 1238 5091 debicmmtpucimfir·
1283 5008 1425 5089 inlelligit
1439 5008 1673 5080 multitudinem,
1689 5024 1768 5088 quae
1783 5008 1848 5089 regi
1865 5010 1978 5073 debet:
2001 5018 2066 5075 tum
2082 5012 2142 5075 idi-

374 5112 477 5160 mcm.
492 5096 650 5157 Platonem
664 5100 813 5177 sequutus
827 5093 1005 5157 Aristoteles
1018 5092 1071 5155 lib.
1088 5090 1120 5153 8.
1133 5090 1235 5152 Hlbic.
1284 5106 1374 5172 psum
1391 5090 1473 5167 dicil,
1490 5090 1637 5170 nnodnos
1652 5090 1916 5155 dicimusldcirco
1932 5094 2014 5155 enirn
2030 5094 2143 5159 asseri-

374 5196 444 5260 cap.
468 5178 519 5241 lo.
545 5184 743 5258 posteaquam
766 5184 827 5240 tres
855 5176 924 5239 illas
946 5176 1057 5238 termas
1078 5172 1238 5254 regiminis
1284 5191 1363 5252 mus,
1380 5175 1585 5236 monarchiam
1607 5180 1760 5253 praestaro
1788 5176 1911 5253 politiae
1938 5177 2143 5239 elaristncra·

376 5262 618 5328 enumeraverat.
633 5260 691 5323 ista
712 5260 802 5323 rerba
822 5258 967 5339 subjecit:
980 5258 1105 5323 Herum
1116 5256 1239 5336 optima
1286 5259 1358 5331 tiae,
1376 5256 1456 5335 qued
1471 5254 1632 5319 mullitudo
1647 5272 1710 5318 non
1725 5256 1885 5319 commoda
1895 5265 2018 5340 regatur
2034 5277 2051 5322 a
2067 5259 2141 5321 mul·

371 5344 671 5426 reparampeseimc
688 5342 873 5423 respublica
887 5348 943 5405 eat.
960 5341 1079 5405 Seneca
1092 5340 1188 5403 lib.2.
1201 5340 1240 5405 de
1284 5342 1335 5415 tis,
1352 5346 1382 5405 el
1394 5345 1526 5419 poteslas
1541 5338 1704 5417 impellens
1719 5339 1758 5403 sit
1773 5341 1935 5404 consortis.
2056 5354 2058 5361 ’

375 5428 481 5491 benet.
495 5426 628 5491 ltarcum
642 5425 779 5501 brutum,
794 5426 846 5499 alt,
860 5440 924 5488 non
939 5424 1013 5487 satis
1025 5424 1191 5502 prudenter
1205 5438 1237 5485 e·
1323 5422 1354 5485 sl
1367 5422 1499 5501 denique
1513 5422 1576 5483 rull
1590 5420 1720 5503 intelligi
1735 5436 1791 5500 por
1801 5438 1942 5501 regnum,
1959 5441 2021 5488 nan
2038 5438 2143 5505 quam·

376 5511 473 5589 pisse,
488 5526 558 5573 cum
573 5508 686 5573 Iulium
702 5506 862 5572 Caesarem
877 5522 935 5587 spe
947 5506 1095 5569 libertatis
1111 5504 1236 5582 occidil;
1281 5504 1327 5567 vis
1342 5502 1578 5579 multitudinem,
1596 5506 1651 5567 sed
1668 5520 1760 5566 unam
1775 5504 1908 5583 aliquam
1930 5506 2143 5587 provinciam,

375 5598 407 5654 et
420 5592 567 5654 rationem
578 5592 729 5663 reddens,
746 5594 809 5653 alt:
839 5590 919 5654 darm
939 5590 1078 5671 optimus
1098 5588 1236 5652 civitatis
1282 5588 1454 5651 sicennam
1469 5587 1611 5667 exiguum
1626 5602 1766 5667 regnum:
1784 5592 1816 5646 ul
1830 5590 2063 5663 sensussil‚unl
2076 5606 2146 5669 pro·

374 5678 477 5739 aratra
491 5675 633 5754 mrbrcpe
641 5676 731 5757 illato
744 5672 797 5737 ait.
1282 5669 1398 5733 vinciae
1411 5685 1505 5731 unum
1522 5684 1591 5732 esse
1606 5684 1710 5749 regem
1725 5668 2027 5743 attribuendummon
2043 5680 2147 5734 lamen

408 5758 501 5821 Porro
515 5756 693 5821 Plutarchus
704 5760 856 5837 inlcgmm
867 5754 1050 5835 opusculum
1066 5755 1105 5816 dc
1116 5754 1236 5817 llouar·
1285 5754 1368 5815 idern
1383 5768 1453 5816 esse
1465 5751 1615 5833 judicium
1628 5752 1667 5815 de
1684 5756 1744 5812 loto
1766 5750 1841 5813 orbe
1864 5760 2021 5819 terrarum:
2035 5760 2098 5816 tum
2117 5760 2149 5816 et

376 5839 649 5917 cbia,caelcrisqna
664 5840 767 5903 tarmis
781 5840 934 5920 regendae
948 5836 1155 5901 multitudinis
1166 5852 1240 5899 con·
1285 5836 1396 5899 laisum
1410 5834 1505 5911 dicit,
1522 5844 1553 5897 et
1567 5834 1625 5897 sibl
1640 5833 1700 5911 ipsi
1714 5834 1904 5898 contradicit.
1922 5836 1996 5899 llam
2010 5838 2148 5900 Homeri-

384 5922 518 5999 scripslt,
535 5921 567 5981 in
582 5922 803 5997 quocpusculo
825 5920 1007 5985 sententiam
1028 5937 1114 5983 snam
1127 5919 1168 5982 ita
1190 5935 1241 5981 ex·
1288 5918 1478 5999 cuslllysses
1493 5934 1555 5980 non
1570 5918 1702 5995 disputat
1722 5915 1761 5977 oe
1777 5918 1989 5981 constituenda
2013 5920 2148 5997 republi-

376 6009 506 6083 pressil:
524 6002 560 6065 si
573 6003 670 6081 optio,
688 6004 797 6081 inquit,
814 6004 955 6083 elipandi
965 6018 1116 6066 concerno
1128 6001 1240 6079 fuerim
1288 6018 1324 6063 ca
1339 6000 1370 6064 iu
1386 6002 1485 6081 aliqua
1502 6016 1560 6062 una
1571 5996 1798 6077 provincia,sed
1813 6002 2015 6065 concionalur
2028 6002 2065 6063 ad
2082 6002 2151 6064 uni·

379 6100 449 6151 moa
464 6086 558 6149 aliud
572 6084 679 6163 clipei,
696 6098 796 6166 poam
808 6088 910 6150 umine
923 6082 1161 6165 potestatemlil
1174 6098 1242 6145 rur·
1286 6098 1410 6147 versum
1425 6083 1591 6147 exercitum
1606 6078 1800 6151 Graecorum,
1827 6082 1879 6161 qni
1897 6090 1969 6147 lucc
1995 6084 2152 6167 pugnabat

379 6184 449 6233 sum
465 6169 547 6233 idem
558 6166 737 6233 l‘lularcbus
762 6166 795 6230 in
807 6166 931 6244 Snlouc,
947 6183 1017 6233 aum
1039 6166 1176 6243 dixisset,
1204 6166 1241 6230 A·
1287 6164 1472 6247 carrajam,
1488 6163 1521 6228 in
1532 6178 1592 6245 quo
1608 6162 1742 6229 exercitu
1756 6162 1869 6229 multae
1892 6166 2034 6233 nationes
2050 6175 2150 6243 erant,
