4792 7009
472 649 526 708 268
1140 645 1183 708 ou
1203 643 1335 710 ctttttitt
1354 642 1459 708 tilde

400 794 431 848 ct
446 803 500 863 per
515 781 638 846 modum
654 785 778 846 naturae
792 781 918 846 fluebat:
932 779 1085 859 siquidem
1098 780 1165 861 ipse
1178 778 1263 844 chri·
1308 783 1422 858 guntur
1437 783 1563 855 excepte
1587 796 1649 844 nou
1665 783 1764 846 sotum
1780 787 1924 863 peccata.
1955 779 2009 844 scd
2025 780 2115 846 etiam
2141 797 2173 848 o·

399 878 467 935 stus
479 867 617 944 scipsum
632 865 727 942 gratie
744 873 776 928 et
789 866 940 945 sapientia
955 865 1106 942 replebat,
1121 866 1210 940 idest,
1224 879 1262 928 ert
1308 877 1397 926 mnes
1409 860 1454 928 illi
1467 861 1670 948 nanceianum
1684 882 1746 930 urin
1759 873 1844 932 crunt
1856 867 1947 934 utiles
1959 865 2174 946 redemptioni.

397 969 457 1014 una
483 949 593 1012 curisti
618 951 722 1010 nutura
739 949 771 1010 in
786 951 911 1011 atteram
927 948 1004 1010 baec
1015 948 1095 1009 dona
1112 947 1260 1011 redundn·
1308 943 1345 1008 m
1359 959 1428 1008 cum
1444 944 1555 1008 dicitur
1568 945 1630 1008 Pcr
1645 952 1756 1010 omacio
1768 949 1962 1023 assimilari,
1991 951 2115 1012 nornine
2140 966 2173 1012 o-

397 1036 482 1111 banc
510 1049 583 1108 crgo
598 1047 660 1092 non
676 1033 795 1110 accepit
810 1031 951 1095 Christus
966 1029 1050 1092 ittam
1065 1030 1262 1107 sapientiam,
1307 1027 1436 1096 mnium
1449 1027 1660 1108 intelliguntur
1671 1034 1784 1105 omnia,
1808 1048 1886 1110 quac
1900 1031 1937 1092 ad
1954 1030 2177 1110 perlectionem

399 1118 448 1180 rei
463 1117 589 1194 gratiam
605 1112 947 1193 postlucarnationcru,
963 1113 1019 1176 sed
1035 1114 1065 1174 in
1076 1112 1148 1190 ipsa
1160 1111 1262 1176 Incar-
1309 1116 1434 1173 naturae
1447 1109 1611 1187 periment,
1628 1113 1717 1174 roiad
1732 1111 1971 1192 redemptionom
1984 1114 2174 1180 conducunt.

398 1201 534 1277 natione:
556 1212 632 1261 anm
643 1195 841 1263 ideodicitur
857 1198 1014 1269 naturalis,
1029 1195 1218 1275 celeseum
1234 1201 1265 1262 ct
1309 1191 1431 1270 Alioqui
1444 1192 1471 1254 si
1482 1195 1584 1262 omnia
1598 1194 1826 1262 deberoutessa
1838 1199 1867 1258 in
1881 1195 2001 1260 Christo
2012 1213 2092 1273 anae
2105 1205 2179 1261 suut

398 1277 662 1348 abundantissime
678 1281 820 1344 manarit.
1309 1275 1339 1336 in
1357 1275 1459 1348 nobis,
1480 1292 1540 1338 neu
1556 1277 1715 1340 debuisset
1735 1279 1855 1355 concipi
1873 1279 1911 1340 de
1928 1279 2043 1358 Spiritu
2057 1295 2096 1354 s.,
2118 1295 2178 1346 nec

440 1363 538 1432 Tertia
554 1362 642 1425 ratio.
659 1360 797 1430 cbristus
811 1362 903 1424 bomo
919 1361 949 1421 tn
964 1357 1178 1424 incarnatione
1193 1374 1263 1431 coe·
1308 1357 1395 1420 uesci
1410 1374 1448 1423 ox
1464 1357 1595 1437 virgine,
1612 1377 1670 1422 nee
1685 1361 1714 1422 in
1733 1361 1855 1424 tutantia
1873 1361 1993 1438 impleri
2008 1365 2174 1443 sapientia,

399 1448 444 1529 pit
458 1462 529 1510 esse
544 1445 642 1506 Filius
656 1444 723 1520 Ιιοις
740 1461 813 1522 ergo
830 1452 901 1506 tunc
916 1442 1023 1504 debuit
1037 1442 1151 1519 repleri
1167 1444 1263 1508 omni·
1309 1455 1368 1518 noc
1384 1457 1488 1506 carcre
1504 1441 1674 1512 rebellione
1690 1446 1782 1521 partis
1798 1443 1963 1510 interioris,
1976 1441 2070 1507 immo
2083 1445 2175 1510 etiam

401 1531 461 1596 bus
476 1530 576 1601 donis,
592 1544 660 1588 nem
673 1527 770 1596 Filius
782 1534 830 1588 cst
842 1528 952 1591 naeres
965 1525 1263 1596 omniumbonorum
1299 1525 1509 1600 *oportutsset
1532 1541 1604 1593 cum
1617 1525 1705 1600 tebni,
1724 1527 1867 1607 podagra,
1885 1524 2078 1606 eaeterisque
2094 1544 2173 1594 mor·

400 1619 610 1692 paternoruuu
637 1625 695 1671 nec
716 1609 823 1672 debuit
844 1614 1024 1686 exspectare
1041 1605 1181 1670 Carisius
1195 1623 1265 1670 suc·
1310 1603 1358 1672 bis
1373 1605 1521 1672 afflictari.
1668 1677 1670 1682 ,

348 1704 351 1710 ’
401 1695 574 1760 cessionem
600 1709 640 1754 ex
653 1700 751 1757 morte
767 1688 874 1759 Putris,
891 1697 924 1752 ut
939 1695 1045 1753 notum
1060 1698 1117 1752 est.
1133 1690 1171 1752 iit
1185 1689 1263 1754 baec
1352 1687 1448 1762 Adde,
1476 1689 1557 1767 quod
1580 1704 1729 1767 nusquam
1745 1690 1876 1756 hebetur
1891 1689 1941 1753 tite
1957 1691 2121 1763 sententie,
2138 1698 2171 1756 ut

404 1793 477 1842 esse
490 1776 610 1844 uidetur
625 1778 699 1837 ratio
716 1775 818 1855 cyrilti
835 1774 891 1836 tib.
908 1775 938 1839 t.
954 1775 985 1837 in
1001 1771 1048 1839 lo.
1065 1791 1134 1850 cap.
1149 1773 1199 1842 tr,
1214 1773 1265 1836 ubi
1310 1768 1348 1836 nb
1374 1773 1420 1832 eis
1446 1769 1565 1834 citetur:
1593 1789 1660 1836 nuru
1683 1773 1775 1837 llebr.
1793 1774 1823 1836 2.
1840 1774 1886 1840 sic
1899 1773 2042 1854 tegimus:
2058 1772 2173 1840 Debuit

405 1860 491 1928 dicit,
512 1858 610 1920 Deum
626 1857 750 1920 dedisse
766 1856 885 1919 Christo
900 1871 1022 1921 omnem
1039 1857 1218 1933 rapientium
1236 1863 1266 1918 et
1308 1867 1368 1930 pet·
1393 1853 1505 1918 emutio
1528 1854 1683 1930 [comibus
1703 1856 1856 1932 similari
1882 1858 1937 1918 sed
1966 1871 2028 1920 uon
2042 1857 2175 1922 hebetur

405 1940 543 2022 gratiam,
572 1940 642 2016 unia
664 1939 761 2002 Filius
782 1946 858 2002 erat:
876 1938 1007 2001 caeteris
1021 1945 1123 2000 eutem
1138 1938 1266 2002 dedisse
1311 1935 1372 1999 troc
1398 1936 1478 2008 luco,
1508 1943 1639 2019 eccepto
1653 1943 1796 2018 peccato:
1813 1945 1844 2002 et
1859 1953 1972 2004 sensus
1988 1945 2045 2014 est,
2062 1938 2176 2004 Debuit

404 2038 529 2099 munere
546 2022 707 2098 quaedum,
723 2022 794 2101 quia
809 2022 888 2085 serui
904 2027 988 2091 suut,
1005 2027 1037 2082 ut
1052 2021 1143 2082 etiam
1155 2022 1266 2101 tegitur
1311 2017 1489 2098 perimituri
1508 2034 1569 2103 per
1594 2021 1717 2095 ouucio,
1745 2037 1829 2102 quoe
1844 2021 1889 2084 cd
1902 2026 2060 2089 curucam
2073 2025 2172 2100 perti·

401 2108 514 2170 iecisse
541 2105 691 2167 teacinam
717 2104 831 2167 denes.
857 2103 909 2168 23.
935 2103 988 2182 qui
1004 2102 1067 2166 titio
1082 2103 1267 2167 tscecdedit
1310 2105 1399 2162 ueni.
1426 2099 1520 2166 ltebr.
1542 2101 1572 2168 t.
1590 2103 1734 2181 tegimusr
1753 2103 2173 2186 t'cutcturperomuiopro

402 2189 503 2254 emnia
519 2203 575 2250 sua
589 2188 815 2265 edbucrireus3
829 2184 903 2253 filiis
913 2188 1267 2257 outem‘eoucubtncurm
1310 2183 1534 2258 similitudine,
1551 2184 1673 2264 ubsque
1685 2192 1827 2262 peccatu.
1843 2185 1881 2251 Et
1895 2202 2008 2250 sensus
2024 2195 2081 2259 ost,
2100 2189 2182 2253 leu-

397 2272 594 2350 targitusest
608 2284 746 2335 munera.
1244 2312 1249 2321 .
1312 2269 1396 2330 totus
1420 2265 1483 2348 ιιιιι
1500 2265 1639 2332 Coretus
1655 2267 1804 2333 omnibus
1818 2269 1934 2338 modis,
1952 2268 2041 2344 idest,
2059 2285 2177 2350 cupere

443 2353 553 2428 Quarta
579 2352 666 2414 ratio.
691 2351 831 2416 Christus
844 2351 938 2416 homo
954 2350 985 2412 in
1000 2350 1065 2427 ipsa
1080 2350 1267 2417 lucernatic-
1312 2353 1362 2440 itte
1391 2355 1436 2413 oet
1449 2350 1562 2416 omnio
1575 2349 1677 2425 molo,
1694 2365 1772 2427 uuae
1784 2351 1886 2412 soient
1901 2350 2042 2416 bominac
2058 2355 2178 2432 perpeti

404 2453 444 2498 ne
469 2436 567 2497 ludus
593 2445 643 2497 est
666 2433 772 2516 Caput,
800 2435 987 2511 nonsotum
1013 2435 1185 2509 hominum,
1207 2435 1265 2498 sed
1311 2445 1342 2492 rn
1360 2446 1500 2510 corpore,
1517 2432 1547 2492 in
1564 2434 1676 2507 anima,
1691 2431 1723 2496 in
1737 2433 1865 2508 bonore,
1879 2433 2175 2510 internectionem

348 2586 353 2599 ι
405 2519 497 2582 etiarn
522 2518 713 2598 augelorum,
737 2523 769 2581 ιιι
794 2515 1108 2594 omnescoucedunt;
1124 2533 1199 2597 ergo
1214 2517 1267 2580 dc·
1312 2512 1419 2592 amicis
1443 2519 1473 2576 ot
1497 2515 1749 2594 consanguineis:
1778 2522 1809 2578 ct
1834 2521 1934 2578 tamen
1965 2516 2048 2580 nulla
2066 2518 2176 2583 barum

404 2601 473 2667 buit
493 2605 566 2670 tuuc
586 2599 700 2679 repleri
723 2599 884 2678 sapientia,
905 2598 1013 2677 gratia,
1036 2604 1067 2660 ct
1087 2601 1153 2678 ipsa
1175 2599 1267 2666 attam
1311 2595 1513 2667 tentationum
1528 2613 1598 2664 eum
1614 2598 1826 2675 ed‘pecoatum
1842 2613 1979 2677 unquam
1993 2599 2128 2664 adduxit.

403 2683 607 2746 beatitudine:
625 2698 685 2744 nec
699 2683 781 2762 eninr
796 2679 1010 2753 conueniebat,
1029 2688 1065 2743 ut
1078 2688 1170 2760 caput
1184 2690 1268 2746 esset
1350 2677 1415 2742 lam
1428 2694 1499 2742 vcro
1510 2679 1547 2744 ad
1559 2680 1687 2748 aiterum
1700 2680 1875 2760 Scripturas
1890 2681 2109 2758 testinnonium,
2125 2699 2178 2746 cu·

404 2765 508 2828 minus
530 2774 706 2840 ,ornatum,
733 2771 764 2828 et
789 2763 892 2829 minus
916 2763 1062 2845 sapiens,
1090 2781 1181 2846 quam
1206 2766 1268 2830 siut
1308 2759 1361 2840 jus
1378 2767 1434 2824 tota
1450 2761 2178 2850 rispositaestinittarecegrecanitnpoiueuoc.

406 2847 554 2913 membra.
812 2875 818 2882 ·
1012 2915 1015 2920 ,
1311 2842 2179 2928 Respondeoprimoziliudntmpcipeuopaliqnandosigni·

448 2929 558 3004 Quinta
581 2929 670 2994 ratio.
697 2928 789 2990 triam
808 2932 930 2994 creatus
945 2931 993 2992 est
1008 2927 1266 3008 sapientissimus,
1310 2923 1616 3004 bearercdundoue,
1644 2929 1972 3007 quodestidemquod
2000 2925 2127 3017 πλήρης,
2149 2933 2181 2996 οι

406 3018 440 3075 ut
453 3028 491 3074 er
505 3027 543 3074 eo
558 3011 722 3087 colligitur,
739 3011 821 3092 quod
836 3027 907 3074 uror
921 3027 938 3072 a
952 3012 1108 3074 creatione
1123 3012 1269 3092 imposuit
1311 3005 1392 3075 banc
1406 3007 1822 3092 significationensequutcs
1835 3016 1883 3076 est
1895 3017 2001 3076 nostor
2021 3010 2180 3092 interpres

407 3094 529 3161 nomina
543 3095 686 3156 omnibus
697 3093 904 3158 animantibus
915 3092 1029 3160 (tenes.
1042 3093 1073 3158 2.
1087 3109 1160 3173 ergo
1172 3097 1267 3158 mutto
1312 3091 1364 3170 qui
1387 3092 1473 3154 rectit
1484 3093 1614 3174 plenus.

408 3176 506 3254 magis
530 3177 686 3238 sccundus
707 3175 802 3238 Adam
816 3175 923 3243 debuit
936 3178 969 3238 tn
982 3175 1050 3261 ipse
1064 3177 1269 3261 conceptione
1311 3213 1314 3224 ·
1353 3172 1496 3238 Secundo
1511 3175 1601 3240 dico:
1624 3174 1650 3238 si
1665 3175 1804 3256 tegamus
1818 3174 1939 3256 passive
1958 3175 2177 3256 implebatur,

406 3258 656 3344 sapientissimos
669 3257 747 3328 cerr.
889 3282 893 3290 ¹
1311 3269 1439 3322 sensuro
1453 3257 1536 3321 bunc
1551 3273 1639 3331 osse,
1655 3259 1736 3338 quod
1758 3259 1907 3338 sapientie
1928 3264 1989 3325 tem
2009 3260 2176 3335 increata,

1311 3355 1403 3416 quam
1418 3345 1529 3410 create,
1545 3355 1624 3420 quae
1639 3340 1669 3402 in
1686 3342 1754 3419 ipso
1769 3347 1849 3414 eret,
1865 3341 2063 3419 replebantur
2077 3341 2181 3406 indies

785 3456 788 3460 -
963 3483 967 3491 ,
1312 3419 1529 3501 magisorgane
1545 3437 1703 3501 corporee,
1720 3430 1751 3486 ot
1765 3423 1975 3500 merebantur,
1992 3429 2083 3502 atque
2097 3427 2182 3504 apte·

751 3503 870 3574 dero-t
891 3503 927 3570 i.
1032 3537 1035 3542 ·
1269 3519 1270 3528 ¹
1311 3503 1422 3568 bantur
1436 3507 1472 3566 nd
1488 3521 1579 3584 opera
1602 3506 1816 3570 excellentiora
1832 3505 1981 3572 iacienda.
1994 3503 2090 3578 Quem
2106 3523 2180 3569 sen·

669 3593 673 3598 ’
812 3654 815 3663 ,
1312 3602 1381 3654 sum
1397 3587 1510 3653 iudicat
1534 3589 1714 3654 ttttranasius
1734 3589 1831 3654 Serm.
1848 3589 1879 3655 i.
1897 3595 1978 3657 cent.
2000 3588 2105 3656 brien.
2121 3635 2129 3666 ,
2147 3594 2179 3652 ot

501 3671 678 3738 Solvuntur
692 3676 886 3752 orpuureule
899 3671 1175 3739 aduersortomuu.
1312 3670 1439 3749 quadrat
1454 3670 1504 3746 bic
1519 3685 1632 3734 sensus
1646 3672 1733 3734 ratde
1749 3670 1853 3736 textui.
1870 3676 1947 3736 Puer
1961 3671 2044 3736 enim
2057 3686 2178 3736 aresce·

1310 3753 1362 3816 bat
1376 3768 1514 3834 corpore,
1528 3757 1559 3816 et
1572 3753 1769 3816 roborabatur
1780 3753 1900 3831 spiritu,
1915 3768 1975 3816 non
1988 3754 2180 3818 extrinsecus

446 3834 490 3899 dd
504 3836 653 3901 rationem
667 3836 862 3916 tgnoiterum
880 3841 910 3898 et
922 3833 1163 3913 Getrinisterum,
1176 3855 1267 3918 quam
1311 3835 1503 3909 adveniente,
1520 3836 1576 3900 sed
1590 3837 1642 3913 oui
1654 3837 1685 3898 in
1698 3838 1766 3914 ipso
1778 3843 1852 3908 erat,
1867 3841 1900 3900 ut
1911 3851 2004 3914 opera
2018 3835 2181 3915 perfectio·

410 3921 554 3997 proponit
567 3920 600 3982 b.
617 3919 792 3998 Gregorius,
808 3926 839 3982 et
853 3933 915 3982 non
928 3918 1029 3988 scirit,
1042 3918 1150 3986 dicens
1161 3936 1196 3983 se
1208 3925 1267 3986 atio
1309 3934 1342 3984 ιι
1354 3918 1819 3998 tacereturpariterimptebetur
1830 3917 1992 3994 sapientia,
2008 3934 2070 3980 non
2083 3919 2184 3984 aliun·

411 4007 548 4081 tempore
562 4002 944 4083 soluturumprespundec:
962 3999 1115 4064 Christum
1131 4005 1268 4082 accepis·
1312 4003 1351 4064 do
1367 4001 1493 4076 adscita,
1510 4001 1567 4064 sed
1582 4017 1617 4064 ca
1632 4017 1711 4082 quae
1727 4002 1756 4062 in
1771 4003 1838 4079 ipso
1851 4000 1914 4062 erit
1925 4000 2116 4064 diffundente
2132 4015 2181 4074 se,

407 4096 443 4146 se
466 4085 527 4148 duo
542 4085 690 4162 quaedam
705 4099 743 4148 er
757 4086 871 4148 nostris
885 4082 980 4146 rebus
994 4084 1025 4145 in
1039 4082 1265 4153 lucarnatioue.
1312 4089 1343 4146 et
1354 4083 1534 4160 possidente
1546 4085 1646 4146 omnia
1660 4083 1796 4150 membra
1811 4088 1842 4144 et
1856 4099 1964 4147 omnes
1979 4097 2103 4150 sensus.
2120 4083 2181 4145 on-

412 4166 523 4248 ttrimo,
549 4173 686 4228 naturam
711 4167 858 4245 integram
884 4182 955 4231 eum
978 4166 1122 4231 omnibus
1135 4185 1214 4248 quae
1230 4171 1269 4232 ad
1294 4165 1352 4232 'de
1367 4165 1516 4244 sequitur:
1529 4167 1687 4244 depretia
1700 4165 1757 4228 liei
1771 4169 1840 4228 crct
1852 4166 1890 4228 iu
1902 4165 2048 4240 itlccnon
2061 4166 2112 4242 ait,
2126 4167 2181 4228 tc·

409 4247 480 4328 ejus
500 4248 721 4330 perlectionem
744 4251 908 4325 pertinent:
932 4265 1013 4317 nam,
1036 4255 1069 4310 ut
1083 4249 1124 4310 ait
1138 4251 1168 4310 in
1184 4250 1268 4331 Syrn-
1312 4249 1443 4328 qubicil
1455 4250 1607 4328 pretium,
1625 4249 1680 4312 sed
1694 4250 1804 4326 pretio
1818 4255 1887 4310 arnt
1899 4249 1938 4312 iu
1950 4247 2027 4324 itio,
2045 4263 2115 4312 eum
2135 4248 2181 4312 to·

408 4329 481 4392 boto
501 4331 697 4395 dtbanasius:
719 4330 882 4408 Perfectus
903 4329 986 4392 licus
1007 4338 1056 4392 est
1076 4329 1224 4409 Christus,
1242 4339 1271 4398 ei
1313 4345 1389 4395 reus
1403 4335 1435 4395 et
1448 4329 1595 4409 dicineus.
1612 4330 1697 4396 Sicut
1711 4347 1783 4408 ergo
1809 4329 1839 4394 iu
1861 4331 1927 4410 ipsa
1950 4331 2181 4411 conceptione,

404 4414 565 4494 perlectus
580 4413 684 4491 bomo.
702 4413 857 4488 Secundo,
873 4413 993 4492 accepit
1004 4413 1269 4493 otiqucsdetectus
1315 4412 1447 4493 Spiritus
1462 4417 1492 4476 ct
1503 4412 1788 4492 sapientiareplerit
1799 4413 1874 4480 iilud
1885 4415 2102 4492 corpusculum
2117 4419 2183 4474 tan·

410 4501 638 4574 consequentes
653 4502 792 4561 naturam
803 4501 937 4558 nostram
950 4502 1133 4574 corruptam,
1147 4505 1180 4558 ιιι
1192 4515 1269 4560 mor·
1314 4513 1405 4573 quam
1421 4511 1543 4574 parrum
1560 4497 1705 4574 ternplum
1722 4511 1826 4574 suump
1844 4493 1884 4558 ita
1899 4501 2005 4576 postea
2021 4501 2183 4560 crescente

408 4584 482 4652 tem,
498 4578 621 4652 tarnem,
642 4579 725 4642 sitim
737 4587 798 4645 οιο.
811 4593 874 4642 nou
887 4584 986 4652 tamen
998 4593 1107 4642 omnes
1119 4578 1268 4644 detectus:
1313 4578 1367 4642 ilto
1382 4578 1495 4657 tempto
1509 4625 1517 4651 ,
1533 4577 1758 4656 quodammodo
1772 4593 1807 4642 sc
1830 4579 2014 4646 extendebat
2033 4579 2182 4659 spiritus,

408 4675 480 4723 unm
502 4677 563 4723 non
585 4662 704 4740 accepit
717 4668 888 4742 peccatum,
904 4660 1051 4736 tomitem,
1068 4661 1271 4742 ignorantiam
1316 4666 1347 4726 et
1363 4665 1457 4724 totum
1472 4661 1621 4744 replebat.

409 4742 500 4821 cujus
525 4744 570 4806 rei
596 4760 705 4808 caussa
730 4751 789 4820 est,
812 4743 956 4824 queniam
970 4743 1194 4808 cumdeteetus
1208 4761 1271 4816 uon
1355 4743 1469 4819 Tertio,
1483 4743 1566 4807 idom
1581 4742 1884 4824 etiemdteipossct,
1900 4743 1982 4822 quod
2006 4742 2185 4823 replebatur

409 4826 584 4903 pertineant
603 4827 640 4888 ad
653 4828 834 4899 essentiam,
848 4825 894 4890 rei
910 4827 1131 4904 perlectionem
1145 4834 1271 4892 naturae
1315 4825 1464 4904 supientia
1489 4825 1635 4905 aequisita
1662 4841 1718 4907 per
1745 4829 1985 4905 experimentum
2011 4827 2182 4906 proprium:

410 4914 599 4990 assumptam
615 4925 658 4978 ⁴en
672 4908 826 4989 ejusmodi
840 4909 1012 4974 defectibus
1026 4925 1087 4970 nou
1102 4909 1272 4974 debuitne·
1315 4907 1435 4974 bmctd
1450 4908 1532 4972 anim
1547 4909 1625 4972 nihii
1639 4909 1795 4989 ignoraret,
1805 4906 1953 4984 ttrccricc,
1971 4925 2040 4972 cum
2054 4909 2184 4972 haberet

410 4989 515 5068 dpere
540 4991 601 5055 nisi
615 4992 697 5060 iilos,
714 4993 767 5070 qui
782 4989 996 5056 conducebant
1009 4991 1048 5054 ad
1063 4990 1155 5056 duem
1171 4993 1273 5058 Incar-
1316 4989 1612 5057 iniusamscicntiam
1629 4994 1764 5054 strumum
1780 5007 1881 5057 rerem
1896 5009 1904 5068 ;
1921 4997 2022 5054 tanen
2047 4990 2183 5071 practice

414 5073 558 5147 nationis,
585 5075 637 5153 qui
663 5081 727 5136 erat
741 5074 859 5138 sairam
872 5074 1026 5138 beminen.
1040 5073 1106 5139 tam
1121 5090 1193 5138 rero
1207 5091 1273 5144 mo·
1315 5073 1475 5153 ignorabat
1498 5075 1548 5134 itte
1564 5075 1686 5148 emnia,
1714 5089 1792 5152 queo
1817 5091 1878 5138 nou
1900 5074 1997 5137 tuerat
2022 5079 2178 5151 expertus.

412 5156 521 5218 ciendo
532 5163 562 5216 et
572 5156 729 5235 patiendo,
740 5163 857 5237 poterat
867 5156 976 5219 mereri
989 5157 1069 5235 apud
1081 5157 1189 5232 ileum,
1202 5159 1274 5237 qnia
1316 5155 1473 5230 Quomodo
1488 5155 1599 5220 Penius
1614 5156 1707 5232 dicit,
1724 5173 1794 5218 cunr
1810 5156 1956 5220 didicisse
1974 5155 2180 5220 obedientium

412 5235 559 5316 patientia
574 5239 668 5302 uirtus
683 5246 741 5302 est:
754 5247 784 5301 at
794 5254 867 5304 cero
878 5238 987 5315 tontes,
1000 5245 1172 5317 peecatum,
1185 5241 1273 5320 igno·
1314 5254 1370 5318 per
1384 5255 1421 5306 ee
1435 5255 1513 5318 quac
1528 5255 1638 5318 passos
1652 5245 1700 5302 est
1710 5238 1844 5306 Habui.
1854 5239 1890 5303 nt
1903 5239 1979 5302 baec
1994 5239 2114 5304 ridetur
2129 5253 2185 5302 ex·

410 5322 520 5393 rantis,
543 5336 605 5382 non
619 5326 706 5393 erant
719 5322 803 5384 utilia
818 5321 855 5382 ad
870 5321 1033 5386 satiandos
1046 5322 1201 5396 homiues,
1216 5323 1273 5388 sed
1314 5320 1427 5402 positio
1438 5321 1520 5384 beati
1531 5321 1683 5386 amorosii
1695 5321 1750 5386 tib.
1762 5321 1801 5384 de
1814 5319 1939 5386 incarn.
1949 5319 2035 5384 bom.
2048 5321 2184 5386 Sacram.

413 5403 518 5479 potius
533 5404 634 5479 nuxia3
650 5419 711 5464 non
726 5405 808 5467 enim
823 5410 982 5483 paccatum
998 5411 1126 5485 peccato
1139 5406 1204 5472 tolli
1218 5423 1275 5487 po·
1316 5403 1485 5483 captzubi
1500 5404 1585 5476 dicit,
1595 5403 1747 5468 Christum
1763 5401 1909 5466 babuisse
1925 5409 2061 5470 naturam
2077 5404 2184 5466 trume-

354 5554 357 5561 ,
413 5490 485 5559 test,
501 5485 582 5547 sicut
596 5491 692 5546 murto
708 5502 789 5549 mors
803 5487 906 5550 occisa
918 5494 977 5551 est.
1317 5503 1387 5564 narn
1402 5486 1489 5552 initio
1504 5487 1680 5568 perlectam,
1697 5494 1727 5550 ct
1742 5493 1843 5554 umen
1858 5499 1953 5550 seusu
1967 5485 2100 5552 humano
2110 5502 2184 5566 pro·

453 5565 527 5630 Cum
542 5568 634 5646 igitur
656 5567 808 5645 Scriptura
822 5571 923 5644 docet,
953 5568 1116 5635 (ibreium
1128 5569 1275 5634 debeone
1317 5569 1442 5634 iecisse.

415 5650 592 5713 summitati
614 5649 769 5727 [rutubus
792 5668 852 5730 pcc
873 5653 986 5719 omnic
999 5651 1270 5731 nispucpccectc.
1357 5651 1460 5716 Restat
1473 5651 1590 5714 tertium
1606 5649 1780 5727 Scripturue
1796 5651 2000 5716 testimonium
2015 5665 2052 5712 er
2065 5667 2135 5730 cap.
2151 5651 2183 5716 2.

416 5729 511 5795 ltebr.
537 5733 567 5797 2.
590 5740 621 5796 et
635 5734 665 5796 t.
683 5748 745 5796 non
759 5740 880 5813 oportet
892 5734 966 5798 inde
980 5735 1138 5814 colligere,
1153 5734 1273 5796 assimi—
1317 5733 1429 5809 Lucre:
1444 5734 1535 5800 Jecur
1549 5731 1854 5814 uutcmpceiicicbct
1865 5736 2046 5818 supientia,
2063 5740 2178 5809 octale,

414 5813 471 5876 tari
483 5815 574 5880 etiam
585 5815 730 5879 debuisse
742 5815 965 5895 inignorentia,
978 5831 1056 5895 qnae
1067 5831 1129 5878 non
1141 5822 1188 5878 est
1199 5832 1273 5894 pec·
1319 5823 1348 5878 ct
1361 5817 1479 5894 prolia.
1497 5816 1619 5883 Sedcst
1632 5821 1714 5880 certa
1730 5822 1760 5880 et
1774 5819 1944 5879 communis
1965 5816 2114 5896 expositio
2130 5833 2182 5880 oo·

413 5905 525 5973 catum,
555 5905 585 5960 et
610 5906 710 5962 tannen
725 5904 773 5963 est
787 5899 818 5964 iu
834 5897 935 5960 uobis.
951 5899 1023 5960 tiam
1038 5914 1109 5962 cum
1122 5899 1273 5978 excipitur
1316 5915 1383 5962 rum
1398 5897 1614 5974 Petrumocos
1629 5914 1721 5977 supra
1734 5898 1902 5971 citarimus,
1911 5898 2047 5978 Gregorii
2059 5898 2183 5962 Nemen-

412 5988 587 6060 pcccatum,
614 5997 670 6061 per
694 5982 763 6049 ittae
777 5979 1146 6063 aocescbeqcepccetttc
1158 5981 1274 6050 intelli·
1316 5980 1396 6058 ceni,
1412 5977 1527 6064 cyrilti,
1541 5979 1731 6060 Ιιιιοοεοοιιι,
1750 5980 2184 6064 Τιοοιιιιιιοοιι,ιοιιιο,ιοι
