4792 7009
439 703 492 761 ⁴⁶⁸
1066 704 1110 766 D!
1128 703 1268 766 limbi)
1287 701 1466 764 adnnente

362 837 555 902 cobaeredca
575 844 686 902 antem
697 839 822 917 carnei,
835 844 986 908 aitcmcn
998 842 1227 922 compatimur,
1272 838 1613 920 mnqniooeceotttm
1627 839 1694 910 eet,
1715 831 1876 915 redacto
1895 840 2027 912 immiti
2052 835 2146 914 [⁰⁶⁸⁶

361 928 399 985 ut
418 925 448 981 ct
461 919 751 1002 corepiorificcmur.
768 925 908 1006 Denique
923 925 1140 990 sumbresius
1154 925 1229 990 iire-
1274 927 1329 994 eet,
1341 923 1544 994 amonemur,
1559 923 1643 984 sieut
1661 921 1826 998 scriptino
1845 929 1965 982 menies
1979 921 2146 1002 cujuapuc

360 1001 447 1082 gorio
462 1003 510 1084 (ut
524 1019 615 1084 supra
629 1005 777 1088 diximus)
793 1011 888 1071 mutto
905 1008 1067 1087 antiquior,
1082 1006 1113 1071 in
1127 1024 1226 1080 serm.
1274 1003 1404 1082 dicitnr,
1420 1006 1638 1086 pedamentis
1653 1017 1727 1066 eom
1738 999 1861 1080 fecerit·

361 1083 393 1166 5.
404 1100 499 1164 supcr
513 1087 622 1164 psalm.
641 1087 710 1152 tie.
727 1090 786 1155 Sui
805 1091 940 1166 uniebat,
957 1091 1059 1171 inquit
1076 1139 1084 1161 .
1101 1089 1228 1170 auferri
1423 1107 1432 1130 ⁹
1623 1111 1626 1124 ·
1648 1142 1655 1157 s
1827 1135 1832 1142 ·

362 1165 582 1245 opprobriam,
605 1174 695 1250 quod
707 1175 889 1252 suspicatus
911 1173 1128 1255 cananaeae
1142 1176 1228 1255 copi·
1687 1165 1739 1230 Vl·

362 1252 534 1314 taumatia
547 1253 654 1326 corde,
673 1261 703 1318 ct
724 1257 937 1334 nonfeccrot,
966 1263 997 1319 ct
1022 1258 1227 1336 poertitcntia
1560 1303 1562 1308 ,

361 1332 434 1396 ticet
448 1333 614 1405 abolitam
630 1346 794 1416 impactae
815 1343 924 1402 tamen
951 1344 1048 1410 erat,
1080 1356 1122 1403 ne
1146 1339 1227 1416 torte
1312 1335 1626 1416 Beonpeiiondocet,
1643 1332 1809 1396 bominem
1831 1332 1869 1394 in
1893 1330 1955 1396 boc
1968 1331 2141 1398 imbecilit-

361 1415 470 1478 odbuc
483 1425 666 1482 remaneret
679 1421 748 1501 cine
760 1422 1014 1499 opprobrtnm‚ct
1026 1423 1105 1486 idac
1119 1422 1223 1485 Deum
1273 1422 1337 1480 tote
1350 1425 1491 1482 naturae
1512 1431 1726 1500 monacnum
1747 1430 1841 1494 pocae
1861 1415 2058 1493 ,amietocerc
2076 1414 2143 1494 iepi

359 1501 526 1578 precatur,
541 1506 578 1562 ut
590 1500 826 1580 wadanici-ot,
843 1505 902 1584 qni
915 1506 1003 1566 aulica
1023 1506 1124 1580 nonii,
1138 1507 1228 1586 quad
1272 1501 1341 1572 bei,
1362 1508 1392 1565 et
1403 1501 1464 1564 bac
1475 1501 1619 1580 perfecta
1638 1499 1824 1578 impletione
1849 1496 1927 1575 topic
1942 1497 2095 1574 januen,
2112 1503 2142 1560 et

360 1581 595 1666 nmeircpotcot
609 1585 802 1668 etianipae.
818 1587 876 1670 qui
888 1586 977 1665 fecit.
1272 1585 1377 1646 omnia
1397 1585 1531 1663 peccati·
1544 1586 1710 1664 cacpcrtcm
1730 1595 1823 1652 eoae,
1853 1579 1938 1642 bom.
1954 1579 1986 1642 8.
2014 1581 2141 1644 Sanoua

562 1700 565 1706 ,
1273 1667 1382 1730 cornia
1397 1667 1573 1730 inimicitia
1587 1672 1632 1728 eet
1643 1667 1797 1726 mnsam
1818 1659 1945 1724 Deum:
1970 1663 2036 1742 topi
2049 1664 2142 1728 enim

772 1750 822 1814 tv.
842 1762 846 1767 ”
1272 1747 1330 1814 Dei
1343 1763 1412 1812 nen
1425 1747 1631 1827 obtemperet,
1648 1761 1688 1808 oe
1708 1759 1752 1810 ne
1766 1743 1899 1825 quidem
1909 1751 2011 1822 pateat
2026 1764 2037 1806 :
2053 1745 2140 1808 Pon·

844 1887 856 1917 ,
1271 1828 1586 1906 tidciicontendnnt.
1603 1829 1767 1894 bominem
1788 1838 1882 1905 perce
1900 1827 1964 1906 lapi
1977 1819 2186 1911 Deiectio-si

403 1908 606 1990 Euanpeiion
618 1913 719 1979 docet.
734 1916 873 1978 annum
892 1920 1029 1980 tantum
1044 1917 1083 1980 in
1104 1919 1228 1984 mmada
1271 1913 1390 1990 macra,
1406 1920 1436 1977 ct
1449 1913 1529 1976 boec
1541 1909 1949 1994 impiationctcpiep'natum
1959 1915 2080 1986 cremet
2093 1912 2144 1975 ai·

362 1985 561 2072 eocmfimnm
573 1997 837 2075 propitiatorium
850 2014 917 2061 esee
930 2004 987 2062 etc.
1003 1999 1099 2064 Habe.
1116 2001 1147 2064 i.
1175 2003 1226 2065 iti.
1276 2003 1343 2058 tan
1357 2003 1525 2062 aeternam
1538 1998 1669 2060 mereri.

366 2075 507 2138 canetur
518 2076 614 2140 aemci
634 2077 761 2143 oblatae
775 2086 820 2143 cat
833 2129 841 2152 ‚
856 2086 893 2144 ut
916 2081 1038 2145 tolieret
1059 2090 1231 2162 peccatum
1314 2077 1376 2142 b'on
1392 2079 1497 2142 dieunt
1512 2075 1675 2152 duodeni,
1692 2076 1826 2149 boensi,
1849 2072 2016 2140 catholicae
2031 2075 2141 2139 Eccle-

364 2164 422 2223 ac.
435 2157 596 2226 eontinet
609 2161 878 2241 doecataaotidte
890 2162 1098 2242 inoacrificio
1111 2169 1230 2232 misam
1273 2160 1421 2234 sinclita,
1438 2163 1640 2228 bominemin
1658 2164 1714 2224 bae
1733 2156 1941 2220 imbecitlttete
1963 2166 2093 2222 naturae
2107 2176 2141 2222 o·

367 2239 525 2304 &natam
538 2259 560 2304 a
572 2244 793 2308 cacerdotibus
806 2244 869 2308 Deo
884 2245 975 2310 Patri
988 2245 1097 2328 offeni
1110 2257 1169 2312 etc.
1273 2244 1353 2308 mnis
1370 2249 1487 2322 peccati
1503 2251 1660 2323 expertam
1675 2257 1756 2306 esse.
1780 2241 1984 2320 Agnoscimus
2003 2244 2089 2306 enirn
2114 2248 2146 2306 ei

406 2323 606 2402 Euangetium
620 2325 747 2406 quidem
761 2331 852 2390 docet
868 2375 876 2400 ,
901 2331 1026 2391 unicum
1053 2335 1170 2393 tautmn
1196 2334 1228 2396 in
1274 2325 1452 2404 profitemur
1466 2329 1658 2390 verissimum
1671 2339 1753 2396 esse,
1772 2325 1855 2403 quod
1870 2323 1912 2384 ait
1924 2319 2144 2396 Joannes‚ini·

364 2406 762 2470 mundoessesaariticium
777 2411 1031 2489 propitiatorium,
1047 2409 1230 2490 iliud‚aidc·
1274 2409 1315 2470 tto
1331 2411 1421 2488 episi·
1441 2409 1740 2474 ¹·St'dt'ttet‘t'mtt3·
1771 2405 1852 2484 quia
1869 2412 2042 2482 Pettitmm
2069 2423 2142 2470 Μ

364 2487 448 2564 iicet,
465 2489 546 2568 quud
564 2491 594 2550 in
610 2506 701 2555 cruce
716 2493 812 2554 sainct
828 2494 964 2557 obtutum
989 2503 1047 2557 est:
1075 2511 1176 2575 neque
1198 2499 1229 2561 id
1273 2490 1506 2564 brebentionum
1517 2494 1605 2572 ipseo
1618 2489 1814 2554 reducimur.
1826 2487 1886 2550 Scd
1902 2487 2046 2566 queniam
2064 2506 2143 2568 quo

245 2625 250 2636 .
365 2572 507 2634 catbanci
522 2578 647 2650 negant.
660 2571 785 2636 dtittud
809 2577 935 2639 unicum
961 2576 1229 2642 sacrificiumnon
1274 2573 1386 2636 tidiuna
1398 2575 1454 2636 ista
1472 2584 1595 2654 peccate
1612 2591 1669 2637 nac
1688 2571 1837 2652 justitiam
1854 2572 1982 2646 tattoni,
2003 2587 2065 2634 nec
2081 2581 2144 2636 tam

364 2669 459 2734 posse
474 2654 610 2733 quotidie
625 2656 721 2733 repeti
739 2658 771 2719 iu
785 2659 931 2738 mysterio
955 2660 994 2722 ab
1024 2660 1092 2740 ipso
1118 2663 1229 2725 eodeni
1275 2663 1378 2718 contre
1393 2658 1507 2735 tageni,
1525 2674 1616 2737 quem
1628 2662 1749 2736 praeter
1763 2653 1862 2732 legera
1878 2651 1934 2718 Dei
1955 2659 2027 2716 sunt
2043 2699 2053 2730 ,
2070 2671 2144 2717 oum

364 2750 485 2799 summo
500 2734 644 2814 pontifice
656 2739 775 2802 cbristo
790 2757 846 2819 per
859 2757 968 2804 mauris
989 2744 1181 2806 sacerdotum
1197 2761 1229 2808 e·
1276 2755 1331 2814 pro
1346 2738 1532 2802 remissione
1553 2740 1706 2820 ejusmodi
1732 2737 1912 2798 debetorum
1938 2743 2007 2798 oret
2034 2739 2144 2800 omnic

363 2818 702 2898 rangeliumnusquam
726 2821 840 2897 docet,
870 2830 901 2885 et
925 2825 983 2888 boc
999 2825 1230 2889 aetbaiiciaffir·
1271 2824 1453 2886 cunctosin
1475 2829 1615 2902 tempere
1628 2825 1820 2902 opportuno,
1837 2819 1946 2896 psatm.
1973 2818 2024 2882 et.
2051 2827 2084 2882 et
2110 2839 2143 2882 o·

364 2907 459 2979 mant.
476 2899 581 2977 Neque
595 2901 616 2962 ii
630 2903 688 2963 soti
704 2901 734 2963 id
749 2904 918 2981 affirmant,
935 2907 986 2990 qui
1002 2913 1072 2984 past
1093 2907 1229 2989 Gragoni
1273 2920 1362 2968 maes
1374 2905 1428 2969 etii
1439 2905 1493 2968 bei
1507 2907 1583 2986 justi
1600 2905 1704 2984 utique
1721 2909 1752 2964 ct
1765 2903 1862 2962 saneti
1881 2901 2018 2981 quotidie
2031 2903 2144 2972 dicere

364 2989 501 3060 tempora
517 2982 649 3056 fuerunt,
664 2985 719 3046 sed
735 3003 843 3050 omncs
865 2989 990 3052 omnino
1006 2989 1120 3059 Patres.
1138 2995 1229 3055 etium
1275 2989 1452 3053 doccantur:
1468 2989 1597 3054 Dimitte
1607 2987 1701 3052 noan
1716 2983 1824 3048 debita
1837 2991 1961 3056 nostro,
1984 2983 2093 3048 batte.
2111 2987 2143 3048 b.

364 3064 417 3144 nui
432 3066 535 3126 mattis
549 3067 683 3127 saeculis
696 3066 874 3147 Gregorium
885 3080 1129 3150 praecesserunt.
1140 3072 1228 3149 Audi,
1276 3078 1436 3151 propterea
1453 3088 1512 3134 non
1530 3073 1672 3135 timemus
1687 3083 1836 3140 asserere,
1861 3083 1954 3145 posse
1979 3067 2145 3132 bominem

364 3147 491 3210 nomine
506 3154 707 3221 coeterorum,
724 3168 818 3216 urium
834 3154 995 3234 augustin.
1023 3156 1053 3216 in
1070 3155 1161 3232 epist.
1178 3157 1230 3221 23.
1276 3169 1332 3234 per
1352 3157 1478 3234 gratiani
1493 3155 1546 3218 Dei
1560 3152 1771 3234 justificatum,
1789 3150 1929 3228 ejusdcm
1957 3153 2074 3229 gratiae
2091 3155 2145 3214 ad·

365 3231 403 3291 ad
416 3227 550 3292 Bonitas.
566 3229 611 3292 sie
627 3232 802 3309 toquentem
820 3254 828 3297 ε
851 3237 960 3301 donne
973 3238 1072 3300 semet
1084 3239 1232 3302 immotu-
1273 3237 1398 3316 intorto,
1414 3245 1444 3299 et
1456 3239 1555 3318 legem
1571 3238 1713 3315 impiere,
1740 3243 1769 3295 et
1784 3249 1818 3296 ea
1840 3231 2019 3311 impletione
2049 3236 2145 3298 vitam

366 3318 416 3374 tus
432 3319 477 3374 cst
493 3312 632 3375 demtus
652 3316 825 3395 inueipso?
836 3326 865 3381 et
880 3327 988 3383 tamen
999 3323 1230 3388 insacrcmaa·
1275 3325 1431 3382 aeternam
1447 3321 1626 3398 promerem
1641 3319 1758 3381 scimus
1780 3313 1862 3378 enim
1878 3319 1947 3395 quis
1963 3313 2088 3378 dixerit:
2104 3319 2146 3380 Et

363 3402 395 3456 to
405 3410 474 3458 aton
486 3396 590 3456 sotum
599 3412 659 3474 per
671 3413 782 3462 omnes
796 3403 1232 3481 parebaesotemnitcteaacd
1275 3404 1436 3468 mandata
1447 3404 1516 3482 ejus
1528 3404 1644 3482 procia
1659 3418 1727 3464 non
1739 3407 1827 3462 anne.
1847 3399 1874 3460 t.
1890 3397 2054 3460 taanenu
2070 3404 2145 3480 quis

369 3480 460 3553 enini
474 3479 527 3550 die
539 3478 668 3568 popntio
680 3481 879 3548 immotatua.
1276 3487 1348 3548 item
1364 3489 1494 3551 dixerit:
1515 3487 1595 3548 Vcau
1610 3485 1788 3563 operariae,
1801 3489 1830 3546 et
1840 3481 1941 3544 redae
1967 3481 2034 3544 iiiia
2051 3499 2145 3544 vmer·
2205 3501 2206 3508 ¹

970 3611 974 3625 ·
1276 3567 1583 3640 redemitionem
1611 3568 1648 3630 Et
1676 3582 1820 3628 rursum:
1857 3565 1960 3627 tenue
1981 3561 2146 3628 bendicti

787 3648 824 3713 V.
1000 3649 1006 3657 ’
1275 3651 1381 3715 Patris
1391 3645 1912 3734 naipooctactapaemumoobn
1925 3661 2067 3724 manum
2082 3657 2144 3712 etc.

446 3785 451 3794 ·
1004 3729 1007 3738 '
1275 3737 1406 3798 Eenrioi
1417 3737 1515 3802 enirn,
1532 3742 1561 3797 et
1571 3735 1704 3798 dedistis
1715 3731 1798 3794 mibi
1807 3733 2021 3793 manducare.

405 3808 717 3884 noanpatnadocct.
737 3821 907 3891 peecatum
920 3830 986 3879 ecoe
1009 3831 1080 3879 non
1105 3822 1231 3886 tanturn
1318 3820 1415 3891 Quare
1430 3819 1616 3896 Augustinus
1632 3817 1686 3882 tib.
1703 3817 1743 3876 da
1765 3820 1841 3890 gret.
1855 3821 1888 3874 ct
1903 3812 1958 3874 tib.
1975 3813 2143 3894 erbincap.

366 3893 507 3954 ornorns
518 3898 670 3955 coeternas
683 3905 868 3973 papnnntae
880 3913 954 3960 cnm
967 3899 1035 3978 tepe
1049 3898 1231 3977 Deioerum
1278 3900 1325 3964 td.
1346 3901 1471 3965 Certum
1493 3907 1550 3970 een
1566 3900 1674 3978 inquit,
1690 3913 1749 3960 noo
1763 3896 1923 3960 mandato
1944 3909 2076 3958 sapore
2091 3943 2099 3966 ,
2115 3899 2146 3960 ei

365 3975 465 4039 ctiam
477 3973 695 4042 mabdotienee
717 3980 757 4039 de
779 3980 866 4051 beo,
888 3982 1094 4044 securitatem
1113 3999 1229 4046 ecran-
1273 3986 1434 4056 uolumus,
1450 3984 1507 4046 aad
1521 3983 1601 4062 quio
1620 3985 1842 4060 omaporotnr
1855 3979 2004 4040 notumne
2033 3995 2056 4040 o
2082 3979 2145 4042 Do·

364 4056 438 4128 tem
461 4063 491 4119 ct
507 4060 747 4122 contumaciam
763 4107 770 4125 .
788 4078 827 4124 ac
855 4065 1152 4142 concupiscentiam
1168 4071 1227 4129 no*
1274 4069 1376 4142 nimo,
1393 4065 1434 4130 cb
1448 4067 1690 4146 itiopetendnm
1704 4069 1760 4137 cst,
1773 4069 1812 4123 nt
1829 4067 1957 4124 tantum
1978 4061 2141 4136 aetimare,

364 4139 486 4205 wenni
499 4145 696 4209 nascentem.
713 4149 742 4205 et
761 4144 799 4206 in
808 4147 931 4208 nanctis
944 4147 1106 4227 reliquom
1119 4193 1127 4217 .
1141 4147 1227 4214 Rom.
1253 4197 1256 4202 .
1275 4146 1622 4230 connumeremini
1632 4146 1767 4210 uomndc
1781 4139 1994 4222 samonensiit
2009 4149 2049 4204 de
2060 4145 2141 4222 spir.

366 4221 562 4297 ttonttncii
571 4226 787 4302 necennboec
798 4229 890 4294 matri
901 4231 941 4292 in
952 4232 1075 4293 renatis
1089 4231 1229 4311 reliqna,
1275 4241 1306 4295 et
1321 4234 1365 4294 tit.
1381 4249 1449 4311 cap.
1468 4233 1516 4294 id.
1530 4231 1607 4294 Ideo
1619 4231 1717 4292 datur
1730 4229 1849 4306 pretio,
1863 4239 1932 4290 non
1942 4226 2024 4306 quio
2034 4225 2141 4306 tedam

367 4320 434 4370 esee
445 4312 580 4383 peccata
598 4311 793 4386 pernuntio
802 4327 876 4373 cum
892 4313 959 4392 tcpc
972 4311 1040 4374 Dei.
1274 4316 1490 4394 implevimus.
1502 4317 1606 4378 cedat
1617 4313 1719 4390 iepem
1738 4309 1871 4388 impiere
1890 4310 2062 4386 poaeimtca.
2082 4309 2139 4372 iic·

409 4386 563 4464 Nusquam
579 4387 741 4466 pontificii,
766 4393 825 4456 boc
842 4400 914 4469 est,
937 4395 1079 4456 cottiotiei
1093 4394 1206 4458 docent
1223 4441 1232 4468 ‚
1274 4403 1449 4478 quomovet
1464 4412 1520 4458 nos
1534 4396 1608 4459 ittud
1625 4393 1749 4456 uerbum
1764 4393 1907 4470 apostoti;
1924 4390 2045 4454 simae
2065 4407 2141 4456 eor·

364 4469 465 4561 sotum
478 4472 616 4563 actiones
631 4478 773 4539 externas
799 4491 870 4539 esse
895 4484 1017 4556 peccata
1033 4524 1042 4552 ,
1072 4478 1129 4539 sed
1143 4477 1230 4540 nobis
1273 4481 1325 4544 neb
1335 4479 1511 4543 inimicitia
1525 4485 1570 4542 est
1591 4471 1953 4541 concremationem
1968 4473 2049 4536 idem
2064 4491 2139 4553 apo·

365 4553 486 4644 mentiri
502 4552 585 4626 tiact3
598 4553 727 4620 idenim
741 4571 758 4616 u
771 4564 866 4635 patra,
883 4559 1157 4629 restrodidicistis.
1174 4562 1226 4638 qut
1274 4562 1373 4624 stotus
1388 4567 1474 4624 antea
1491 4561 1607 4623 dixerat
1631 4561 1668 4622 ad
1692 4559 1777 4621 bom.
1804 4558 1833 4619 i.
1859 4558 1964 4635 tuder
1985 4569 2042 4634 epo
2066 4557 2140 4634 ipso

365 4638 832 4727 macritatenonstetit.1’orro
854 4642 1059 4706 dubitationes
1083 4643 1124 4704 de
1139 4643 1225 4715 lico,
1272 4645 1493 4708 menteoeruie
1509 4644 1652 4724 lapidei,
1667 4657 1768 4706 comte
1782 4645 1894 4704 annm
1914 4639 1977 4718 icpi
1995 4640 2141 4717 pcccati.

365 4722 558 4784 securitatem
573 4721 738 4797 carnatem,
756 4727 976 4787 contumaciam
993 4773 1000 4799 ‚
1029 4733 1059 4788 et
1083 4727 1229 4805 concupi·
1274 4726 1360 4800 Quod
1376 4733 1476 4788 autem
1493 4733 1594 4788 mente
1611 4725 1730 4804 agimus
1747 4771 1755 4798 ‚
1773 4724 1804 4786 id
1826 4738 1896 4786 rere
1919 4721 2137 4800 adsurgimus,

313 4875 317 4884 Ι
364 4801 526 4891 scentiam,
539 4798 567 4867 si
582 4800 767 4894 noluntariae
784 4809 865 4878 siut,
881 4817 1006 4886 peccata
1019 4823 1090 4871 esse
1102 4809 1228 4870 minime
1274 4808 1356 4889 quod
1371 4815 1470 4871 autem
1484 4819 1575 4872 cerne
1598 4809 1730 4887 agimus,
1746 4806 1774 4870 si
1789 4819 1877 4868 mens
1905 4809 2066 4882 repugnat,
2084 4819 2139 4866 no·

365 4882 552 4944 dubitamus:
565 4899 592 4944 si
608 4899 679 4946 roro
694 4885 756 4951 sint
770 4887 1000 4964 inrotuntariac,
1013 4891 1120 4970 quates
1142 4897 1229 4953 crant
1273 4897 1368 4954 strum
1382 4906 1441 4956 non
1459 4896 1517 4960 est.
1534 4892 1614 4954 sicut
1639 4889 1720 4952 idem
1733 4888 1889 4968 apestolus
1905 4887 1956 4948 ait:
1988 4883 2025 4951 Si
2046 4889 2138 4966 qood

365 4963 546 5057 cupiditates
558 4965 628 5028 ittae
643 4971 744 5034 earnis
755 4977 858 5032 contra
874 4973 1014 5052 spiritum
1030 5021 1038 5044 ,
1060 4989 1137 5051 quas
1151 4972 1232 5036 Pau·
1272 4975 1360 5050 noim
1378 4973 1487 5056 inquii,
1496 4973 1595 5052 facio,
1607 4971 1681 5054 ione
1697 4987 1767 5036 non
1782 4987 1839 5051 cao
1851 4985 1966 5054 operor
1974 4967 2071 5034 ntea.

365 5049 413 5108 tus
428 5047 592 5122 sentiebat,
608 5051 725 5116 etsicis
751 5069 811 5118 nou
837 5055 1048 5130 censentire13
1077 5071 1131 5118 eas
1155 5072 1228 5118 rere

364 5135 488 5210 peecata
504 5143 587 5202 csse,
603 5138 777 5197 constanter
793 5151 952 5217 negamus.
979 5139 1083 5218 Neque
1098 5137 1136 5199 da
1151 5137 1228 5200 Pau·
1677 5137 1741 5200 tii.
1842 5175 1850 5186 -

364 5210 555 5305 tinisrerbis
582 5213 742 5277 uobiscum
768 5217 1000 5302 disceptemus,
1027 5220 1113 5298 quasi
1141 5220 1226 5292 Pauti
1439 5295 1443 5300 ⁸
1664 5275 1667 5282 ,

364 5297 456 5359 rerba
470 5293 558 5356 vobis
571 5310 653 5368 iera,
675 5295 749 5359 tatsa
765 5299 853 5367 nobis
868 5318 948 5366 esse·
964 5302 1142 5378 videantur,
1169 5304 1225 5365 sed
1310 5302 1510 5383 eaaapatron
1531 5303 1640 5377 decet,
1664 5302 1751 5365 bona
1772 5317 1872 5380 opero
1893 5316 1961 5364 case
1980 5299 2041 5362 itio
2063 5303 2133 5364 ton·

366 5380 404 5442 de
420 5391 525 5442 eorum
542 5377 704 5440 verborum
720 5385 982 5461 interpretatione.
1011 5384 1074 5448 tice
1097 5385 1227 5448 moleste
1271 5391 1350 5458 tum,
1373 5403 1457 5467 qnae
1478 5403 1502 5450 a
1520 5385 1582 5448 Deo
1602 5391 1778 5466 praecepta
1796 5391 1873 5448 anm
1892 5391 1951 5446 etc.
1968 5384 2134 5464 mentera

365 5463 445 5524 tarrc
460 5459 594 5535 debetis,
610 5461 637 5522 si
649 5462 875 5542 augustinum,
900 5475 1072 5538 ctomnem
1097 5468 1225 5532 eborum
1269 5471 1481 5551 actamquae
1493 5469 1550 5532 tibi
1558 5470 1819 5552 praecipiebam
1830 5473 1956 5536 tant-am
1966 5467 2063 5542 tbcito
2074 5461 2136 5524 Do·

299 5535 338 5650 υ]
365 5549 540 5635 sanctornm
562 5543 649 5607 aubis
677 5548 763 5609 neris
790 5547 967 5613 bominibus
987 5566 1223 5630 praeponamus.
1269 5554 1455 5628 certamnen
1469 5553 1691 5633 eodenmque
1705 5549 2010 5627 minnuaPontiticii
2024 5565 2040 5610 c
2054 5562 2135 5609 con·

366 5626 416 5689 Sic
432 5640 515 5720 carm
528 5625 662 5704 loquitur
675 5631 833 5709 augustin.
851 5632 1025 5697 tib.i.cont.
1041 5633 1117 5694 deas
1131 5635 1222 5712 epist.
1271 5641 1323 5700 tra
1337 5639 1436 5699 totam
1450 5634 1626 5701 Ecclesiam
1640 5633 1817 5698 uenierunt
1830 5631 2057 5698 traditionibus
2071 5633 2133 5691 cta.

368 5707 554 5788 Petagraaor.
578 5725 647 5789 cap.
669 5709 719 5772 id.
747 5709 811 5777 Sed
826 5716 866 5777 de
890 5717 954 5778 iota
967 5715 1230 5794 concupiscentia
1313 5715 1379 5780 Jam
1394 5719 1470 5782 baec
1485 5725 1557 5780 sunt
1572 5717 1685 5779 midias
1705 5735 1721 5778 a
1738 5717 1825 5780 vobis
1845 5717 1982 5796 repetite,
1999 5723 2056 5777 cta
2078 5727 2135 5772 no·

364 5793 472 5856 carnis
495 5789 568 5867 [diii
587 5807 639 5854 cco
654 5793 760 5866 crede,
772 5797 945 5876 eettoticre
959 5847 967 5870 ,
982 5814 1058 5861 cam
1082 5813 1150 5876 uno
1172 5816 1230 5861 ne·
1275 5802 1346 5864 stris
1360 5801 1497 5864 retutata.
1514 5800 1633 5862 Falsum
1648 5805 1750 5860 autem
1767 5802 1908 5878 estquod
1925 5798 1981 5872 ais,
1995 5797 2026 5858 in
2042 5809 2134 5856 eran-

363 5883 512 5950 resecem
527 5881 565 5937 nt
579 5875 677 5943 enam
689 5875 896 5957 baptizatus,
923 5887 953 5944 et
977 5880 1076 5944 bocci
1091 5881 1229 5961 adipem
1275 5883 1355 5962 getio
1372 5883 1488 5956 baberi,
1507 5883 1555 5944 itta
1570 5888 1684 5944 tantum
1712 5897 1783 5946 esse
1812 5897 1904 5960 opara
1929 5881 2009 5942 bona
2027 5925 2034 5951 ,
2051 5888 2135 5954 auec

363 5957 482 6020 nerim
498 5954 810 6038 proiinnctopiritn
819 5961 877 6025 Dei
891 5966 1019 6044 opitnm
1039 5962 1099 6041 pia
1122 5971 1228 6028 mente
1270 5963 1352 6028 Deos
1367 5965 1534 6046 praeemit.
1551 5964 1608 6026 Ubi
1623 5965 1717 6038 enim,
1734 5981 1860 6045 quaeso,
1877 5962 2034 6042 praecepit
2048 5958 2135 6023 Deus

359 6039 521 6119 coeundi·
539 6041 604 6111 Sed
616 6039 705 6115 boet,
725 6044 853 6140 elioenai
873 6055 1008 6112 occatur
1029 6053 1225 6124 peccatam,
1269 6049 1485 6128 virginitatem?
1497 6047 1600 6112 Nonne
1615 6043 1726 6110 eonius
1742 6048 1798 6112 eit?
1817 6045 1861 6110 De
1874 6044 2055 6125 cirpiniboa
2070 6059 2136 6106 om.
