4792 7009
426 702 480 763 tlco
1189 698 1294 765 latres

360 837 527 919 Dionysius
542 834 764 901 alexandrinus
778 838 938 899 accusatur
952 834 1024 899 394.
1301 850 1365 897 nou
1379 832 1572 914 potissimum
1586 845 1685 911 penes
1698 829 1856 913 principes
1882 832 2121 897 ecclesiasticos

358 922 506 985 Divinitas
531 937 593 983 non
619 928 666 983 cst
693 934 840 983 coutorsa
855 917 887 979 in
902 918 1121 981 humanitatem
1142 913 1214 979 249.
1302 918 1433 981 3244444
1446 919 1611 997 praecipue
1626 932 1724 997 penes
1735 930 1888 977 summum
1901 915 1996 979 totius
2011 916 2125 979 Eccle-

401 1004 474 1066 244.
680 1004 681 1007 ’
1303 1002 1369 1063 4444
1384 1002 1555 1079 praesidem
1571 1006 1602 1061 et
1616 1000 1807 1062 sacerdotem
1822 997 1895 1061 524.

361 1086 504 1151 Doctrina
519 1082 698 1149 antichristi
711 1082 783 1145 448.
1262 1082 1421 1146 Ecclesiae
1448 1098 1588 1145 caussam
1610 1083 1798 1161 adiudicem
1824 1082 2014 1145 saecularem
2037 1080 2124 1143 dele

360 1168 503 1232 Doctrina
538 1172 574 1231 et‘
594 1169 704 1229 veritas
750 1170 815 1228 eral
850 1164 998 1245 scriplum
1032 1164 1064 1225 in
1092 1168 1217 1243 pectore
1303 1164 1679 1244 444444444444444326.

402 1252 513 1315 44444
529 1249 704 1315 Sacerdotis
718 1246 789 1310 484.
1262 1248 1478 1312 Ecclesiastico
1508 1253 1643 1327 potestas
1658 1262 1720 1309 uon
1736 1246 1836 1309 solum
1850 1245 1917 1308 data
1944 1245 2048 1319 Petro,
2066 1243 2127 1305 scd

360 1334 514 1397 Dominici
543 1332 608 1397 Soti
635 1330 739 1409 opinio
769 1330 849 1408 quod
875 1328 953 1391 itdcs
982 1328 1091 1393 christi
1121 1329 1217 1391 extin-
1304 1330 1396 1393 ctiam
1419 1333 1552 1394 caeteris
1566 1330 1726 1409 apostolis,
1742 1335 1774 1393 ct
1789 1329 1944 1408 quomodo
1957 1326 2126 1391 324336.

401 1416 521 1498 guenda
546 1416 585 1479 sil
599 1418 722 1494 propter
737 1412 910 1475 antichristi
932 1411 1217 1493 persequutionem,
1305 1414 1377 1477 334.

404 1500 529 1563 delendi
544 1515 603 1561 non
621 1500 721 1573 polest
734 1494 806 1557 454.
1264 1497 1299 1559 44
1313 1496 1453 1559 Ecclesia
1480 1504 1529 1558 est
1542 1494 1707 1559 auotoritas
1735 1492 1854 1557 iereudi
1880 1494 1979 1573 leges,
1996 1498 2030 1554 44
2042 1490 2128 1570 apud

362 1582 552 1648 Domitianus
568 1578 638 1641 436.
1306 1596 1399 1658 quem
1416 1580 1488 1640 5448.

362 1666 537 1727 Dominlurn
566 1659 734 1739 temporale
749 1674 811 1721 non
833 1658 938 1722 hahuit
954 1658 1091 1722 Christus
1112 1658 1142 1719 in
1159 1664 1216 1720 ler-
1264 1661 1532 1726 Practerludaeos
1559 1660 1646 1723 multi
1675 1660 1726 1722 alii
1755 1659 1792 1721 ed
1807 1658 1979 1723 Ecclesiam
1990 1656 2131 1738 pertiue-
2192 1691 2193 1700 κ

405 1748 448 1808 ris
463 1747 534 1808 524.
1304 1747 1379 1807 4444
1394 1744 1465 1806 449.

361 1828 532 1892 Dominium
549 1844 611 1889 non
640 1824 782 1887 iundatur
810 1822 841 1883 iu
871 1822 965 1899 gralia
980 1829 1011 1885 et
1025 1822 1097 1899 ilde,
1113 1823 1169 1885 sed
1185 1821 1217 1883 iu
1263 1826 1422 1891 Ecclesiae
1434 1842 1505 1889 nora
1517 1824 1654 1888 doctrina
1668 1824 1752 1887 undo
1766 1829 1886 1903 petatur
1902 1825 1973 1886 444).

403 1911 501 1973 lihero
516 1909 641 1974 arbitrio
657 1912 687 1970 44
701 1907 818 1969 ratione
832 1905 904 1967 524.
1262 1912 1418 1973 Ecclesiae
1433 1909 1560 1973 terbum
1588 1912 1637 1971 444
1661 1906 1763 1988 444444
1791 1907 1882 1970 modo
1917 1908 2049 1969 rerhum
2073 1905 2132 1965 Dei

366 1995 506 2057 Dominio
535 1990 658 2073 proprio
687 1988 808 2065 quaudo
837 1988 1090 2068 possunlprirari
1107 1986 1219 2067 princi·
1305 1994 1377 2055 445.

407 2074 639 2155 pestilitas
655 2089 682 2133 r.
700 2072 775 2132 ilex.
1263 2076 1299 2137 lo
1314 2079 1379 2137 sola
1393 2075 1530 2138 Ecclesia
1554 2072 1690 2152 44444444
1716 2071 1846 2135 scientia
1875 2087 1977 2136 rerum
2001 2069 2132 2133 divina-

362 2158 471 2221 Domui
486 2162 675 2238 4444444444
687 2152 826 2215 Ecclesia
839 2152 898 2213 325
1304 2176 1371 2220 rum
1394 2158 1465 2220 l3l.

362 2241 548 2305 Donationes
576 2240 671 2301 444444
687 2235 883 2314 444444444444
905 2235 1040 2298 romanis
1061 2234 1132 2297 429.
1144 2234 1217 2297 538.
1263 2242 1421 2304 Ecclesiae
1450 2239 1607 2319 publicum
1636 2236 1770 2300 odicium
1797 2242 1829 2299 44
1852 2235 2038 2299 sacrificium
2061 2250 2133 2297 ces·

363 2324 463 2385 Duces
477 2325 686 2387 Hebraeorum
699 2318 770 2379 344·
1303 2324 1381 2387 satit
1395 2324 1426 2385 iu
1442 2321 1682 2400 persequutione
1698 2320 1879 2381 antichristi
1892 2318 1967 2381 434.

361 2406 495 2479 Dorcadi
511 2422 595 2469 error
609 2404 648 2465 de
664 2401 816 2463 descensu
837 2397 947 2463 Christi
963 2401 1000 2463 ad
1018 2400 1131 2463 inieros
1147 2399 1219 2461 284.
1265 2407 1422 2469 Ecclesiae
1437 2405 1622 2484 Angelorum
1637 2410 1728 2481 caput
1738 2402 1869 2465 44444444
1882 2400 1956 2464 524.

1263 2489 1420 2559 Ecclesiae
1436 2487 1679 2551 Christianorum
1691 2500 1787 2565 quare
1800 2498 1865 2547 444
1876 2488 2031 2547 44444444
2045 2488 2122 2545 lem·

1327 2570 1447 2634 44446.

773 2666 801 2749 [g
1264 2590 1479 2717 44Ιὲ4444444
1493 2658 1623 2732 4444444
1636 2650 1788 2713 4444444444
1802 2649 1876 2713 tae,

1265 2736 1352 2810 Quod
1365 2752 1463 2816 genus
1477 2750 1604 2814 operum
1620 2733 1691 2796 464.

1263 2820 1442 2881 Emmanuel
1456 2819 1621 2895 imperator
1635 2817 1818 2878 Graecorum
1832 2814 1904 2877 399.

363 2896 489 2961 Ehiouis
503 2898 644 2960 haeresis
659 2898 698 2960 de
714 2896 833 2960 Christo
850 2897 920 2960 496.
1264 2903 1435 2983 Episcopus
1459 2901 1617 2963 ordinatus
1645 2898 1808 2973 achrislo,
1834 2898 1890 2959 init
1905 2894 1995 2959 solos
2014 2896 2126 2957 Petrus

365 2980 506 3043 Ecclesia
532 2981 653 3043 duohns
669 2981 769 3043 modis
781 2981 901 3060 judicat
915 2978 1130 3058 descriptoris
1148 2982 1220 3054 445.
1305 2985 1376 3047 353.
1392 2989 1423 3045 44
1437 2984 1544 3045 Deiras
1557 2983 1612 3043 4444
1627 2980 1798 3059 Episcopus
1812 2980 1966 3042 44444444
1976 2976 2054 3040 369.

365 3062 474 3126 Contra
490 3062 520 3123 id
550 3064 632 3141 quod
657 3065 798 3125 universa
827 3062 965 3125 Ecclesia
977 3064 1058 3133 iacit,
1085 3064 1221 3139 dispula-
1263 3068 1370 3131 Nullus
1394 3067 1567 3145 Episcopus
1591 3063 1713 3126 ostendi
1738 3069 1848 3141 potest,
1864 3062 1917 3140 qui
1942 3062 2128 3139 44444444-

412 3162 445 3207 re
461 3146 720 3209 insolentissimae
736 3146 873 3209 insaniae
888 3153 936 3208 est
949 3146 1000 3207 84.
1018 3144 1090 3207 466.
1108 3146 1178 3209 434.
1304 3151 1335 3211 44
1348 3148 1507 3229 depositus
1522 3146 1593 3208 348.
1610 3160 1715 3223 noque
1725 3145 1809 3223 quod
1826 3146 1867 3207 sit
1880 3162 1897 3205 a
1912 3144 2030 3223 populo
2045 3144 2129 3205 ordi·
2192 3139 2193 3168 ¹

366 3229 503 3291 Ecclesia
519 3228 668 3290 calholica
684 3228 779 3291 instar
794 3228 895 3308 magni
908 3228 1039 3291 aedilicii
1062 3228 1131 3291 446.
1148 3228 1218 3293 ride
1297 3240 1396 3305 natus,
1412 3233 1468 3294 sed
1484 3236 1599 3291 tantum
1615 3227 1793 3307 designatus
1807 3226 1879 3291 349.

405 3311 496 3373 44444
514 3310 583 3373 464.
601 3311 867 3372 44444444444444
883 3311 955 3373 346.
1261 3316 1405 3395 Episcopi
1434 3328 1547 3375 nomeu
1572 3311 1646 3389 quid
1675 3310 1830 3388 significet
1857 3309 1949 3373 eliam
1978 3308 2065 3389 apud
2088 3309 2128 3371 lt.
2192 3345 2193 3392 3

364 3394 482 3456 Dicitur
499 3394 647 3456 calholica
663 3400 693 3455 44
705 3395 886 3456 universalis
898 3393 969 3456 369.
1307 3399 1341 3458 E.
1358 3396 1429 3458 354.
1445 3396 1499 3457 444
1513 3395 1552 3457 de
1567 3394 1637 3472 eius
1650 3391 1764 3454 officio.
2007 3394 2011 3399 '

364 3478 419 3539 Est
433 3477 535 3539 uuaiu
562 3476 664 3537 radice
690 3482 721 3536 el
745 3476 854 3553 capite,
885 3477 957 3539 licet
970 3475 1001 3537 iu
1026 3476 1219 3557 propagatio·
1262 3480 1408 3560 Episcopi
1423 3478 1547 3539 liomani
1564 3476 1741 3556 quindecim
1755 3474 1877 3537 uomina
1891 3474 1965 3536 426.

405 3574 446 3620 44
462 3560 678 3637 multiplicetur
692 3558 764 3619 392.
780 3558 851 3619 526.
1260 3562 1405 3642 Episcopi
1432 3561 1520 3638 primi
1547 3568 1616 3636 post
1637 3558 1805 3635 apostolos,
1835 3557 1874 3619 ab
1890 3559 1969 3637 ipsis
1995 3561 2128 3635 aposto·

365 3640 504 3703 Ecclesia
532 3646 723 3718 comparatur
752 3640 897 3703 exercitui
925 3640 1073 3717 ordinato,
1097 3642 1218 3717 corpori
1303 3647 1343 3707 lis
1357 3642 1515 3707 constituti
1532 3647 1604 3705 sunl
1618 3641 1691 3703 344.

411 3724 556 3798 444444,
574 3721 695 3783 mulieri
711 3723 1076 3804 speciosacpegnomrili,
1102 3725 1217 3799 domui,
1263 3727 1409 3807 Episcopi
1424 3727 1566 3788 dicuntur
1579 3723 1635 3785 illil
1648 3723 1857 3802 apostolorum
1871 3721 1943 3784 349.

407 3811 438 3867 44
451 3805 531 3876 nari,
549 3821 605 3867 scu
620 3820 709 3867 arcae
724 3803 787 3866 Nod
799 3804 871 3881 325,
1261 3810 1407 3889 Episcopi
1421 3808 1594 3869 succedunt
1606 3806 1755 3885 apostolis
1767 3804 1839 3867 354.
1856 3812 1887 3865 44
1900 3805 1977 3866 522.

363 3886 503 3949 Ecclesia
527 3886 649 3949 lundata
676 3894 722 3947 est
750 3904 845 3965 super
869 3895 985 3967 petram
1014 3887 1085 3951 334.
1102 3894 1132 3949 44
1147 3904 1215 3965 seq.
1262 3893 1376 3972 hPapa
1388 3890 1635 3971 jurisdictionem
1650 3888 1805 3967 accipiunt
1819 3887 1892 3950 524.

365 3969 499 4034 Primum
527 3970 757 4031 fundamentum
780 3969 872 4049 hujus
900 3970 1059 4032 Ecclesiae
1075 3976 1122 4033 est
1133 3970 1217 4033 Chri·
1261 3975 1299 4039 Et
1310 3992 1365 4036 cur
1379 3990 1441 4036 non
1456 3978 1559 4035 cesset
1573 3986 1679 4034 eorum
1689 3964 1864 4050 jurisdictio
1887 3974 2009 4032 mortuo
2022 3966 2129 4029 Ponti·

403 4060 481 4125 stus,
498 4052 669 4115 secuudum
683 4050 821 4114 Pouliiex
836 4050 1130 4115 364344324328.
1145 4053 1218 4115 333.
1303 4057 1374 4127 4444,
1388 4074 1404 4117 4
1417 4072 1479 4135 quo
1491 4056 1575 4116 illam
1591 4053 1765 4116 habuerunt
1778 4052 1850 4115 522.

404 4134 476 4197 469.
1263 4131 2127 4221 Dcheutappeltarcadsummumloutiflcemtantumltll.

363 4216 460 4283 4444
488 4222 520 4279 44
547 4214 718 4279 testificatio
740 4216 897 4279 Ecclesiae
910 4224 957 4280 444
969 4218 1140 4280 secundum
1152 4218 1219 4281 iun·
1261 4222 1406 4302 Episcopi
1421 4236 1530 4283 omnes
1545 4220 1690 4298 aequales
1701 4217 1734 4279 in
1748 4218 1897 4295 dignitate
1920 4216 2041 4278 ordinis
2052 4215 2125 4276 444.

408 4302 583 4363 dementum
599 4305 721 4361 nostrae
737 4298 807 4360 Ddei
824 4298 893 4361 445.
1263 4308 1298 4368 44
1313 4304 1378 4367 4444
1400 4302 1597 4366 dioecesibus
1622 4302 1737 4363 hahent
1764 4302 1977 4362 auctoritatem
2001 4297 2123 4360 iereudi

365 4382 612 4461 Sempercrevit,
630 4388 815 4443 clarescere
831 4380 1010 4445 44444324.
1305 4381 1473 4465 tegessis,

365 4464 503 4527 Ecclesia
519 4482 557 4524 ac
572 4478 674 4525 errare
689 4464 788 4541 possit
801 4462 872 4526 446.
889 4464 961 4528 444.
977 4465 1052 4527 4444
1065 4465 1137 4528 495.
1266 4471 1419 4533 locantur
1432 4470 1543 4530 iratres
1554 4464 1709 4527 Doaliiieis
1721 4463 1794 4527 522.

366 4547 504 4609 Ecclesia
532 4560 654 4607 romana
683 4545 873 4624 particularis
900 4564 962 4609 uon
985 4554 1085 4624 polest
1119 4564 1221 4612 errare
1266 4554 1384 4631 Quanto
1397 4551 1529 4631 majores
1543 4550 1606 4611 sini
1618 4564 1694 4626 rege
1712 4548 1784 4608 444.
1806 4544 1879 4609 326.

406 4631 436 4690 44
452 4629 512 4691 lidc
527 4627 599 4689 483.
616 4633 647 4688 44
661 4645 697 4688 44
715 4628 812 4706 444444
826 4632 960 4709 separari
972 4630 1051 4693 Petri
1062 4630 1211 4695 4444444444
1266 4639 1309 4699 tlh
1323 4634 1460 4696 Ecclesia
1472 4647 1596 4693 romana
1617 4630 1734 4695 haheat
1748 4628 2015 4692 consecrationem
2035 4632 2070 4689 44
2083 4626 2131 4689 di·

410 4712 447 4773 ah
464 4710 539 4773 urhe
555 4710 649 4771 Roma
664 4708 736 4771 483.
1306 4718 1450 4797 gnitatem
1463 4713 1535 4776 354.

366 4792 504 4857 Ecclesia
526 4808 648 4854 romana
676 4798 833 4855 44444444
857 4795 992 4857 omnium
1014 4796 1221 4862 Ecclesiarutn
1265 4800 1411 4879 Episcopi
1426 4799 1547 4860 reniam
1563 4800 1734 4875 petentesa
1759 4794 1896 4856 romanis
1921 4789 2127 4855 Pouliiicihus

406 4876 476 4938 354.
493 4880 584 4953 atque
599 4875 671 4936 huic
685 4875 852 4938 adhaerere
874 4874 930 4938 iuil
943 4878 1066 4957 siguum
1077 4881 1220 4942 catholici
1306 4882 1378 4945 394.
1407 4888 1498 4957 atque
1526 4879 1565 4941 ah
1589 4878 1651 4941 illis
1664 4876 1845 4952 confirmati,
1868 4874 2002 4957 depositi
2022 4879 2057 4935 el
2074 4889 2127 4935 re·

406 4956 626 5021 4444444444.
1307 4962 1403 5027 stitnti
1417 4962 1488 5025 395.

363 5040 398 5103 44
415 5042 471 5101 444
487 5039 626 5101 Ecclesia
654 5055 777 5101 romana
806 5056 929 5117 semper
953 5042 1048 5121 riguit
1073 5043 1221 5121 apostoli·
1268 5048 1311 5111 44
1327 5049 1447 5125 possint
1461 5046 1576 5107 hahere
1589 5042 1759 5105 dominium
1773 5041 1866 5105 etiam
1877 5038 2058 5117 temporale.
2073 5037 2129 5099 lli-

405 5139 460 5185 cae
475 5122 642 5187 Eolhedrao
656 5120 848 5201 Principalus
865 5122 937 5186 453.
1307 5130 1347 5193 de
1361 5145 1440 5207 quac
1455 5129 1599 5190 dicuutur
1613 5125 1685 5187 534.

362 5204 501 5267 Ecclesia
530 5204 622 5269 dehet
654 5203 889 5267 4444444444
918 5212 1009 5286 capul
1037 5207 1108 5271 344.
1145 5206 1217 5270 324.
1268 5210 1414 5290 Episcopi
1429 5216 1460 5274 et
1471 5206 1806 5290 presbyteriquomodo
1820 5205 2059 5284 distinguantur,
2072 5203 2133 5265 uhi

403 5286 473 5349 323·
489 5286 560 5349 333.
1306 5294 1345 5356 de
1357 5295 1527 5373 majoritate
1539 5298 1570 5353 44
1582 5288 1761 5353 auctoritate
1772 5288 1996 5366 Episcoporum
2012 5286 2087 5349 349.

361 5369 501 5433 Ecclesia
519 5368 638 5448 iudicat
661 5366 700 5429 de
726 5384 820 5431 44444
843 5386 949 5433 sacrae
961 5370 1135 5449 Scripturas
1148 5372 1218 5435 462.
1264 5375 1423 5457 Episcopi,
1439 5372 1671 5452 archiepiscopi
1699 5377 1729 5433 44
1744 5371 1900 5441 Primates‚
1915 5385 2010 5448 quare
2023 5367 2132 5448 requi·

404 5460 434 5515 θῑ
448 5468 515 5531 seq.
531 5451 602 5513 1²⁰OE
620 5448 690 5512 ¹⁰⁶·
1305 5466 1410 5521 rantur
1424 5460 1454 5518 in
1467 5456 1639 5518 civitatibus
1653 5460 1684 5516 et
1697 5453 1863 5533 provinciis
1873 5452 1945 5514 326.

359 5536 437 5600 item
465 5532 648 5596 4444444444
680 5534 808 5607 caussis,
826 5535 1042 5597 controversiis
1057 5543 1088 5599 44
1102 5537 1216 5608 dubiis.
1263 5540 1529 5619 Episcoporumue
1558 5538 1598 5599 sit
1617 5536 1775 5600 Ecclesiae
1800 5533 2027 5598 controversias
2059 5532 2127 5595 diri-

402 5624 433 5679 44
448 5634 501 5697 444
514 5616 655 5677 varietate
671 5617 864 5678 saeculorum
880 5625 1097 5682 enumerantur
1111 5621 1217 5683 haere·
1306 5640 1389 5686 mere
1409 5623 1479 5685 4443.
1498 5630 1613 5699 etseq.
1782 5616 1785 5625 '

405 5716 456 5762 ses
470 5700 508 5760 ah
523 5698 661 5759 Ecclesia
674 5698 831 5759 damnatae
849 5700 918 5761 466.
936 5698 1006 5761 329.
1263 5706 1417 5784 Episcopo
1433 5704 1556 5783 proprio
1571 5704 1704 5781 primum
1713 5700 1865 5782 judicium
1879 5700 2041 5762 incaussis
2051 5697 2127 5758 496.

364 5782 502 5845 Ecclesia
529 5781 713 5843 Testamenti
738 5782 979 5862 vetoris‚.igura
993 5783 1150 5848 Ecclesiae
1162 5788 1218 5849 Eo·
1264 5788 1490 5868 Episcoporum
1513 5787 1715 5849 africanorum
1730 5782 2132 5865 conjuncliocumromaoa

402 5865 543 5927 slamculi
560 5864 629 5925 novi
644 5862 715 5923 324.
1304 5870 1444 5933 Ecclesia
1459 5869 1532 5932 446.

363 5946 522 6011 Ecclesiae
549 5944 686 6025 regimen
713 5962 774 6005 non
804 5953 850 6009 ast
865 5949 1030 6027 praecipue
1046 5968 1142 6023 peaes
1162 5968 1215 6029 po·
1263 5952 1488 6033 Episcoporum
1504 5951 1664 6017 successio
1677 5950 1709 6011 in
1723 5964 1848 6013 romana
1863 5947 2001 6011 Ecclesia
2016 5946 2068 6009 82.

406 6029 511 6115 pulum
526 6028 662 6091 344444
676 6043 772 6107 peaes
784 6031 939 6109 principes
955 6033 1128 6097 saeculares
1141 6034 1212 6096 324.
1262 6036 1334 6099 Siue
1347 6037 1507 6117 Episcopis
1522 6035 1662 6102 Ecclesia
1674 6049 1745 6096 esse
1758 6048 1819 6095 non
1831 6037 1933 6109 potest
1949 6029 2019 6094 ll8.
