4792 7009
1004 692 1007 697 ’
1025 690 1120 751 trusit
1139 688 1292 759 QUARTUS
1911 694 1966 753 m

258 831 397 911 judicl03
424 836 524 891 tamon
551 842 613 891 non
628 828 792 891 haeretica.
815 826 886 891 llam
901 840 963 889 non
978 824 1131 889 invenitur
1174 828 1239 905 pic,
1265 841 1328 887 non
1351 824 1427 889 laisa
1452 823 1602 903 doetrina3
1628 824 1706 891 haec
1726 824 1810 889 enirn
1831 827 2035 893 eslhlstcria

263 920 330 977 ulla
345 920 424 977 certa
440 912 577 975 delinitio
592 912 749 974 Ecclesiae
765 912 803 975 de
819 914 876 973 hac
890 926 935 986 re,
960 914 991 971 et
1005 910 1126 973 latrum
1174 908 1341 971 Formosus
1355 907 1519 971 cardinalis
1533 915 1564 971 et
1577 907 1744 987 episcopus
1758 911 1934 987 portuensis
1948 930 1965 974 a
1980 930 2034 992 pa·

263 989 652 1061 sententineinveniunlur
666 996 757 1057 eliam
771 995 882 1056 variae.
1175 1008 1214 1070 pa
1237 992 1355 1054 Ioanne
1370 990 1451 1053 illl.
1476 990 1646 1066 depositus,
1672 1008 1708 1054 ae
1733 992 1927 1070 degradatus,
1949 996 2039 1059 etad.

306 1082 413 1157 lienus
428 1080 551 1141 obstent
571 1090 705 1157 canones
720 1077 765 1139 illl
778 1074 893 1155 Pelagii
908 1078 939 1136 et
952 1074 1127 1137 Zachariae.
1174 1081 1288 1137 sortem
1303 1073 1450 1136 laicorum
1463 1074 1617 1144 redactus,
1633 1091 1669 1136 ex
1684 1073 1762 1137 urhe
1776 1075 1930 1139 discessit
1944 1083 1975 1139 el
1982 1079 2035 1156 iu·

261 1162 339 1225 llam
356 1163 496 1243 Pelagius
517 1176 579 1222 non
594 1156 701 1223 delinit
715 1160 893 1239 quidquam,
909 1158 966 1221 sed
981 1156 1081 1219 solum
1096 1162 1129 1219 ut
1174 1159 1260 1231 ravit,
1287 1172 1441 1235 nonquam
1456 1172 1491 1218 se
1505 1158 1554 1218 vel
1568 1158 1608 1219 ad
1622 1156 1743 1229 urbem,
1758 1156 1806 1218 vel
1822 1158 1859 1220 ad
1874 1159 2035 1238 episcopa·

262 1246 375 1308 doctor
400 1249 431 1306 in
456 1244 547 1323 epist.
570 1244 606 1304 ad
621 1242 771 1305 Gaudent.
795 1242 927 1317 explicat
951 1239 1128 1318 opinionem
1175 1246 1237 1301 lum
1262 1240 1441 1301 rediturum.
1469 1239 1560 1299 Paulo
1574 1247 1654 1317 post,
1673 1237 1923 1303 uvcrluclnanne
1937 1242 2031 1315 vlit,

261 1344 366 1390 suam.
384 1328 547 1389 zachariae
559 1332 658 1387 aulem
671 1341 768 1387 canon
782 1322 855 1385 mihi
867 1322 953 1385 valde
964 1328 1127 1399 suspectus
1174 1336 1337 1385 successor
1361 1322 1430 1400 ejus
1453 1321 1599 1383 llartinus
1613 1323 1652 1383 lt.
1680 1322 1808 1385 absolvit
1822 1320 2034 1396 Formosuma

261 1418 324 1472 est.
342 1412 412 1472 llavn
430 1409 568 1486 inprimis
584 1407 742 1470 Gratianus
757 1406 827 1467 citat
842 1404 1000 1483 epistolam
1015 1404 1128 1465 zacha*
1169 1403 1342 1483 iuramento
1356 1406 1478 1466 incaute
1492 1406 1621 1482 prolato,
1637 1411 1668 1466 el
1678 1405 1814 1482 dignitati
1826 1406 1975 1483 pristinae
1986 1424 2035 1470 re·

261 1494 331 1556 riae
357 1494 393 1554 ad
410 1492 609 1559 llcnilncium,
638 1506 707 1552 cum
724 1490 970 1551 hairocanonem
986 1486 1082 1564 ponit:
1100 1493 1129 1548 ιι
1173 1488 1280 1548 stituit.
1297 1486 1361 1571 iloto
1377 1486 1429 1548 diu
1446 1492 1515 1565 post
1531 1487 1612 1549 idem
1626 1488 1794 1549 Formosus
1808 1504 1885 1566 papa
1901 1495 2034 1564 creatur,

260 1592 327 1636 non
343 1576 496 1637 invenitur
508 1574 539 1635 in
555 1572 693 1649 epistolis
705 1572 866 1632 Zachariae
877 1574 913 1630 nd
928 1568 1126 1643 Boniiacium,
1172 1569 1502 1646 rtrivannisnaincoe,
1519 1570 1723 1647 etnppontmr
1736 1571 1774 1632 ad
1791 1576 1891 1648 patres
1905 1587 1996 1653 suos,

259 1674 345 1734 vinae
363 1664 480 1721 exstant
494 1658 526 1717 ia
538 1656 628 1718 lamis
640 1656 850 1728 conciliorum,
866 1653 932 1713 talis
946 1654 1044 1731 aliqua
1056 1668 1127 1714 sen·
1218 1652 1363 1713 Succedit
1382 1651 1556 1728 Stephanus
1571 1651 1621 1714 lll.
1638 1654 1691 1731 qui
1706 1668 1817 1731 magno
1832 1654 1902 1714 odio
1917 1655 1948 1715 in
1962 1654 2036 1717 For·

259 1744 371 1803 tentia.
1173 1749 1291 1795 mosum
1314 1734 1471 1801 incensus.
1501 1743 1531 1795 et
1551 1735 1599 1795 vel
1620 1738 1782 1804 nesciens,¹¹
1810 1737 1858 1796 rel
1881 1752 1943 1799 non
1963 1753 2031 1801 cre·

309 1822 425 1885 Deinde
439 1819 564 1884 aoncilii
577 1819 660 1882 illios
675 1817 826 1898 anglicani
843 1822 906 1879 nori
919 1815 1058 1878 meminit
1071 1815 1132 1877 lla.
1172 1817 1263 1884 dens,
1280 1832 1350 1877 eum
1365 1833 1381 1876 a
1396 1816 1522 1878 llartino
1537 1832 1613 1894 papa
1629 1817 1724 1879 luisse
1739 1819 1911 1881 ahsolutum
1924 1819 2034 1897 ajura·

259 1906 300 1966 dn
317 1907 349 1967 in
367 1904 488 1971 historia
505 1905 605 1983 gentis
619 1918 704 1967 suae.
730 1900 782 1962 ohi
795 1906 896 1961 mmea
911 1902 1039 1961 aliorum
1055 1914 1128 1959 con·
1172 1904 1287 1968 mento,
1313 1898 1436 1976 publice
1457 1900 1489 1958 in
1500 1899 1636 1965 ‚concilio
1651 1901 1866 1977 episcoporum
1881 1901 2031 1972 decernit,

193 1996 194 1999 ’
261 1988 406 2050 ciliorum
429 1982 656 2064 anglicanorum
683 1984 868 2045 mentionem
894 1997 1017 2060 semper
1041 1982 1122 2042 iacit.
1171 1980 1352 2043 Formosum
1374 1981 2032 2060 nunquamluisselepitimcmpontificem3

262 2072 364 2132 lmmc
390 2072 457 2148 lpse
482 2069 562 2129 Beda
584 2066 763 2128 contrariam
777 2066 962 2149 ¹sententiam
977 2064 1126 2141 seqnitur.
1172 2069 1203 2125 et
1216 2065 1287 2125 ideo
1312 2063 1393 2125 irrita
1409 2078 1480 2124 esse
1495 2062 1608 2123 debere
1635 2066 1734 2125 omnia
1749 2065 1817 2140 ejus
1833 2073 1908 2139 aicta,
1933 2072 1963 2127 et
1978 2070 2034 2146 qui

261 2152 341 2215 liam
364 2155 393 2214 in
409 2168 480 2229 cap.
497 2149 546 2211 lli.
563 2151 629 2211 Aet.
646 2150 793 2227 approbat
807 2148 989 2209 sententiam
1004 2145 1126 2207 huibro·
1172 2147 1210 2207 ah
1226 2147 1278 2208 illc
1289 2161 1393 2208 sacrus
1407 2145 1531 2206 ordines
1543 2152 1734 2223 acceperant,
1748 2150 1850 2223 allegit
1863 2151 1972 2211 iterum
1983 2166 2031 2212 cr·

264 2235 307 2296 sii
324 2236 363 2297 de
377 2236 527 2311 baptismo
552 2233 583 2294 in
599 2233 723 2293 nomine
739 2229 860 2292 Christi:
886 2231 936 2307 qui
953 2234 1053 2290 tamen
1068 2244 1127 2291 nec
1172 2229 1286 2298 dicari,¹
1306 2235 1455 2303 tanquam
1470 2227 1546 2288 nihil
1568 2227 1605 2289 ah
1626 2228 1680 2289 illo
1699 2231 1904 2306 accepissent.
1920 2233 2032 2310 llispli·

263 2320 368 2394 potuit
383 2319 528 2397 ignorare.
548 2316 703 2376 decretam
719 2312 842 2375 concilii
858 2312 1020 2391 anglicani,
1037 2311 1063 2372 si
1079 2326 1125 2372 re·
1173 2313 1238 2373 cuit
1251 2310 1430 2373 hoclaetum
1441 2311 1723 2385 omnihus;,elideo
1738 2311 1898 2386 pontifices
1911 2320 2033 2379 tresor-

260 2416 335 2461 vera
350 2395 844 2477 luit,cnjusmeminitzaehnrias,
857 2396 1005 2471 cumipse
1018 2394 1127 2455 eodem
1171 2394 1244 2457 dine
1266 2393 1489 2465 succedentes,
1513 2393 1666 2454 Romanos
1687 2392 1711 2454 Ι.
1735 2393 1914 2457 theodorus
1935 2397 1976 2457 ll.
1999 2405 2030 2459 et

261 2490 404 2563 tempore
428 2482 546 2553 vixerit,
562 2487 593 2541 et
604 2480 708 2542 adlruc
722 2478 883 2543 Zachariae
908 2476 1122 2555 supervixerim
1171 2476 1336 2555 praecipue
1349 2476 1486 2569 loannes
1500 2475 1552 2537 tx.
1568 2482 1734 2537 convocato
1749 2478 1809 2539 alio
1823 2478 1953 2540 concilio
1967 2481 2033 2557 epi·

260 2580 324 2626 nec
341 2566 402 2626 ullo
416 2564 508 2625 modo
522 2562 670 2623 credibile
686 2564 735 2634 sit,
760 2576 829 2621 eum
844 2560 979 2631 voluisse
995 2558 1126 2621 concilio
1171 2560 1299 2636 scopeli,
1313 2558 1538 2639 judicaverunt,
1551 2558 1727 2619 Formosum
1739 2575 1844 2620 verum
1855 2561 2030 2639 pontilieem

193 2654 194 2681 ι
260 2648 294 2707 in
311 2664 366 2708 sua
383 2648 476 2724 patria
492 2644 656 2718 celebrato,
673 2650 703 2706 et
718 2662 733 2705 a
749 2645 825 2705 sede
836 2640 1126 2723 apostolicaconlir·
1170 2642 1278 2711 luisse,
1292 2650 1322 2702 et
1333 2641 1478 2719 Stephani
1488 2640 1536 2701 Vl.
1547 2642 1732 2704 sententiam
1747 2642 1948 2705 irritaverunt.
1956 2644 2033 2707 Sue·

193 2756 194 2773 ι
260 2735 358 2800 mato,
374 2728 594 2790 contradicere.
753 2756 756 2761 ·
1170 2722 2027 2803 cessitposleaSergiuslll.etinomnihusStephanum

305 2812 445 2875 Admisso
460 2815 559 2871 eutem
575 2809 750 2870 auctoritate
762 2805 897 2876 concilii,
910 2810 940 2868 et
951 2805 1124 2879 zachariae,
1170 2808 1219 2869 vl.
1242 2807 1375 2868 imitatus
1396 2810 1454 2867 est.
1477 2804 1641 2881 Praecipua
1662 2821 1736 2884 ergo
1750 2809 1889 2885 quaestio
1902 2809 1969 2881 luit,
1984 2829 2026 2873 an

193 2916 194 2923 ι
260 2894 472 2971 respondetur
485 2891 659 2971 dupliciter.
685 2890 785 2952 Primo
801 2906 870 2952 cum
885 2890 1030 2967 magistro
1045 2888 1077 2949 in
1091 2887 1123 2949 l.
1169 2890 1336 2952 Formosus
1351 2887 1460 2949 luisset
1473 2904 1549 2965 papa
1565 2887 1729 2966 legitimus,
1747 2904 1805 2951 nee
1819 2906 1870 2951 ne:
1887 2892 1918 2953 in
1934 2894 2031 2972 quali·

193 2980 195 3025 i
262 2976 339 3037 dist.
357 2975 386 3036 3.
404 2978 434 3035 in
448 2975 503 3035 illo
515 2973 646 3035 coneilio
659 2973 754 3035 titisse
767 2973 867 3035 solum
878 2971 1047 3041 delinitum,
1063 2986 1124 3037 non
1170 2972 1230 3034 bus
1244 2971 1475 3050 quaestionibus
1490 2986 1551 3031 non
1564 2986 1723 3047 negamus,
1736 2987 1830 3049 posse
1840 2990 1941 3037 errare
1954 2991 2029 3052 pon-

193 3100 194 3103 =
261 3072 338 3120 esse
351 3064 447 3119 ratum
462 3055 727 3133 baptismomsine
742 3054 932 3139 invocatione
948 3054 1037 3117 trium
1051 3053 1126 3115 divi·
1156 3054 1280 3133 tiheeS,
1297 3061 1328 3115 el
1340 3054 1379 3115 de
1393 3053 1471 3114 dvcto
1492 3068 1614 3124 errasse
1624 3054 1811 3129 Stephanum
1827 3062 1858 3116 el
1871 3056 2033 3135 Sergium..

193 3148 195 3191 ι
261 3154 371 3203 narum
394 3152 605 3219 personarum:
622 3152 683 3198 non
698 3144 798 3199 aulem
815 3152 884 3198 esse
899 3136 1069 3205 delinitum,
1086 3152 1126 3196 an
1211 3136 1272 3198 Sed
1298 3136 1439 3215 objicies:
1467 3135 1638 3212 Stephanus
1662 3134 1833 3216 etSergius
1849 3142 2026 3201 conscium

261 3223 336 3283 illae
352 3228 413 3284 tres
427 3236 578 3301 personae
602 3218 748 3299 implicite
763 3236 800 3279 an
817 3219 959 3297 explicite
975 3218 1124 3279 nominari
1166 3218 1353 3299 judicarunt,
1379 3217 1559 3279 Formosum
1577 3232 1644 3279 nan
1670 3217 1764 3281 luisse
1789 3221 1893 3282 veram
1907 3222 2028 3299 pontifl-

261 3305 431 3378 deberentr
447 3309 477 3364 el
492 3302 620 3381 proinde
636 3318 695 3363 non
711 3316 848 3379 pugnare
862 3300 956 3361 istum
975 3316 1124 3361 canonem
1170 3318 1249 3375 cem,
1276 3302 1331 3363 sed
1346 3302 1443 3362 eliam
1459 3301 1584 3361 ordines
1599 3314 1714 3370 saeros,
1730 3319 1808 3379 quos
1819 3304 1877 3365 ille
1890 3306 2030 3367 contule·

260 3404 335 3448 eum
358 3387 509 3448 sententia
524 3380 674 3446 Ambrosii
689 3390 720 3445 et
734 3383 858 3453 Nicolai,
874 3384 926 3458 qui
942 3383 1122 3457 docuerunt,
1169 3389 1227 3453 rat,
1244 3400 1304 3443 non
1320 3383 1415 3445 luisse
1430 3389 1522 3455 ratos3
1538 3382 1590 3457 cci
1605 3389 1652 3443 est
1666 3398 1750 3443 error
1763 3385 1943 3447 manifestus
1955 3404 2027 3449 con·

193 3478 195 3521 ι
264 3468 409 3531 sufficere
428 3468 604 3543 implicitam
620 3466 860 3527 nominationem
876 3465 965 3527 trium
980 3480 1123 3539 persona·
1170 3472 1213 3527 tra
1235 3466 1340 3527 iidem:
1356 3480 1426 3525 nam
1441 3465 1497 3525 etsi
1514 3463 1678 3526 Formosus
1694 3481 1753 3526 noo
1769 3467 1879 3529 luisset
1893 3486 1982 3547 papa,
2001 3476 2033 3533 et

193 3548 194 3559 ’
261 3547 886 3627 ruminunochristinovnioe.ddquem
899 3545 1123 3609 modumeliam
1170 3564 1293 3624 semper
1308 3547 1661 3625 mansisset-depositus
1676 3554 1706 3607 el
1721 3550 1915 3628 degradatum
1932 3560 2033 3615 tamen

262 3632 357 3695 islam
382 3632 530 3695 canonem
551 3630 672 3693 concilii
688 3630 837 3691 intellexit
858 3632 889 3690 d.
905 3630 1077 3692 Bernartius
1091 3629 1123 3691 in
1170 3633 1240 3708 quio
1257 3630 1420 3710 aliquando
1433 3635 1524 3712 verus
1539 3628 1704 3706 episcopos
1720 3630 1827 3705 iuerat,
1841 3640 1871 3693 el
1882 3639 1946 3695 erat
1957 3652 2032 3712 quo-

261 3719 356 3794 epist.
373 3715 444 3776 eto.
461 3721 491 3777 et
505 3714 592 3789 llogc
613 3714 651 3775 de
664 3730 690 3775 s.
704 3712 833 3785 lictore,
848 3719 877 3774 el
889 3728 996 3774 omnes
1008 3712 1057 3773 alii
1070 3712 1124 3773 do·
1169 3714 1207 3773 ad
1220 3714 1424 3774 characterem
1438 3717 1468 3772 et
1478 3712 1595 3772 ordinis
1608 3717 1799 3789 potestatem,
1815 3730 1893 3793 quae
1905 3732 1965 3778 non
1978 3734 2033 3797 po·

264 3806 368 3860 clares
384 3797 466 3858 illius
480 3797 597 3867 aetatis,
614 3794 678 3873 cui,
697 3810 756 3856 non
772 3795 911 3857 obstante
923 3810 1039 3857 canone
1052 3810 1124 3855 con·
1168 3801 1229 3857 test
1244 3796 1306 3855 ullo
1321 3795 1410 3855 modo
1425 3792 1545 3868 aulcrri3
1562 3809 1646 3854 error
1659 3793 1691 3854 in
1706 3793 1768 3858 lide
1783 3802 1831 3856 est
1844 3797 1960 3877 dicere3
1972 3795 2025 3862 'cr-

261 3882 326 3942 cilii
353 3878 515 3959 anglicani,
542 3878 721 3952 docuerunt,
748 3877 932 3957 baptismum
953 3876 1125 3939 innomine
1170 3878 1261 3941 dines
1275 3892 1379 3937 sacros
1400 3875 1438 3937 ah
1453 3875 1646 3939 illooollatus
1660 3892 1721 3938 non
1736 3877 1937 3944 icisseveros
1951 3883 2033 3945 ordi·

193 3980 194 4015 ι
260 3963 374 4025 christi
391 3966 584 4023 esseralum.
1169 3976 1228 4022 nes
1241 3975 1357 4021 saeros.

193 4064 194 4067 ¹
303 4045 447 4109 Secunda
462 4042 522 4104 dici
539 4046 648 4121 potest:
672 4040 839 4105 Concilium
855 4042 1046 4122 anglicanum
1062 4056 1123 4103 nou
1209 4041 1405 4119 Respondeo:
1421 4031 1608 4120 Stephanum
1622 4040 1804 4119 etSergium
1818 4060 1878 4105 noa
1892 4045 2029 4115 edidisse

193 4148 194 4153 ¹
263 4141 339 4189 esse
360 4142 430 4188 vere
446 4134 475 4187 et
490 4126 611 4203 proprie
626 4125 784 4203 probatum
799 4126 838 4187 ab
851 4126 1020 4204 apostolica
1034 4125 1123 4201 sede;
1169 4125 1292 4203 aliquod
1317 4120 1486 4194 decretum,
1515 4140 1576 4202 quo
1591 4125 1803 4193 decernerent,
1821 4127 1975 4200 ordinatas
1989 4130 2041 4192 ah·

262 4216 294 4271 el
310 4211 381 4270 ideo
396 4222 455 4269 non
471 4208 570 4268 lacere
583 4222 646 4269 rem
657 4208 698 4269 'de
710 4207 781 4268 lide.
795 4207 953 4275 Zacharias
965 4206 1047 4268 enim
1059 4208 1123 4269 latr·
1169 4208 1316 4285 episcopo
1330 4205 1505 4285 degradato,
1520 4206 1569 4267 vel
1584 4206 1760 4268 nominatim
1777 4224 1792 4267 a
1808 4208 1953 4273 Formaso
1965 4218 2031 4273 tan·

262 4294 345 4353 davil
361 4291 485 4371 quidem
499 4288 661 4355 concilium
677 4292 881 4367 anglicanam,
895 4297 926 4352 et
937 4290 1005 4368 ejus
1018 4290 1123 4368 decre·
1168 4307 1258 4368 quam
1284 4289 1459 4366 degradato,
1482 4304 1554 4349 esse
1570 4289 1678 4350 ilerum
1693 4290 1892 4353 ordinandos:
1909 4294 1964 4355 sed
1981 4311 2031 4356 soe

262 4380 291 4435 ta
309 4374 410 4437 citarit
424 4373 462 4435 ad
474 4388 563 4435 suum
579 4372 778 4451 propositum,
807 4388 867 4433 non
884 4378 982 4433 lamen
999 4372 1123 4450 proprie
1169 4372 1232 4433 lom
1248 4371 1287 4432 de
1299 4372 1376 4432 lacto
1384 4371 1517 4449 jussisse
1530 4370 1705 4433 ilerumeos
1718 4373 1862 4434 ordinari:
1876 4392 1954 4453 quae
1963 4376 2031 4455 jus·

261 4465 296 4517 ιιι
311 4454 457 4535 pontifex,
475 4460 506 4515 et
520 4460 557 4515 e'x
571 4455 740 4515 intentione
755 4454 953 4516 conflrmandi
970 4460 1034 4525 acta
1050 4470 1122 4515 con·
1172 4457 1219 4515 sio
1243 4470 1305 4514 non
1328 4471 1365 4514 ex
1379 4453 1558 4535 ignorantia,
1575 4461 1626 4513 aot
1641 4454 1772 4521 lvaeresi,
1790 4456 1845 4516 sed
1861 4473 1898 4517 ex
1913 4460 1987 4522 odio,
1998 4462 2030 4521 in

261 4542 325 4601 ciiii
342 4540 416 4599 illud
430 4536 579 4617 probarit:
593 4538 673 4598 aliud
690 4536 771 4599 enim
783 4542 841 4607 est,
853 4535 1030 4615 pontificem
1042 4536 1122 4599 serio
1171 4536 1349 4598 Formosum
1374 4536 1570 4611 procedebat.
1597 4535 1683 4597 llolat
1707 4539 1790 4600 enlm
1806 4538 1984 4615 sigehertus
1998 4543 2029 4604 in

261 4621 444 4683 confirmare
459 4622 580 4681 decreta
595 4617 805 4693 conciliorum3
822 4619 905 4681 aliud
920 4634 1003 4693 vero,
1020 4619 1057 4681 ad
1069 4615 1122 4680 aii·
1170 4618 1282 4679 Chron.
1307 4617 1379 4678 anni
1401 4617 1472 4678 903.
1485 4685 1488 4690 ,
1500 4617 1687 4694 Stephanum
1714 4619 1764 4679 ll.
1792 4622 2030 4687 reclamantibus

262 4705 346 4784 quod
363 4703 443 4763 aliod
458 4702 647 4781 propositum
664 4716 698 4762 ea
713 4704 939 4763 commendare.
1168 4715 1248 4777 pene
1262 4700 1419 4775 omnibus,
1434 4702 1563 4779 pervim
1579 4701 1777 4763 exordinasse
1792 4702 1967 4767 aFormoso
1979 4724 2027 4769 or·

307 4786 628 4865 lipesimusseptimps
642 4788 689 4845 est
703 4782 876 4861 Stephanus
888 4782 936 4845 vt.
952 4784 1002 4845 eui
1017 4781 1123 4862 odjum,
1168 4782 1301 4875 dicatos.

263 4870 346 4948 gilvrr
359 4866 410 4928 eli.
426 4866 616 4944 Sergiuslll.
630 4881 698 4927 nam
712 4873 744 4926 ul
755 4881 791 4927 err
803 4866 916 4927 Plotina
929 4870 958 4927 el
970 4864 1038 4927 aliis
1050 4882 1123 4927 con·
1208 4862 1482 4941 vigesimusnonus
1507 4870 1554 4926 est
1576 4864 1711 4926 loannes
1730 4865 1813 4929 ltllt.
1837 4868 1911 4932 sive.
1929 4872 2030 4933 otalii

262 4958 333 5025 slat,
364 4951 537 5029 Stephanus
563 4966 640 5028 papa
655 4948 780 5009 irritavit
793 4954 857 5009 acta
874 4948 1010 5009 Formosi
1026 4964 1122 5026 papae
1168 4946 1283 5013 dieunt.
1298 4943 1374 5008 xlv.
1390 4962 1482 5026 quem
1497 4947 1776 5027 llagdehurgenses
1791 4950 1877 5012 Cant.
1892 4951 1942 5014 ιθ.
1956 4970 2026 5033 cap.

193 5060 194 5095 l
262 5030 586 5113 praedecessorissui,
602 5032 799 5093 etcrdinalos
810 5032 847 5092 ab
860 5031 923 5105 illo,
939 5032 1047 5093 iterum
1058 5030 1122 5109 jus·
1167 5028 1197 5091 6.
1225 5032 1284 5093 col.
1301 5029 1373 5091 etit.
1401 5031 1545 5091 accusant
1574 5030 1717 5091 horrendi
1733 5033 1844 5095 erroris
1862 5040 1892 5094 et
1905 5038 2029 5099 saerile-

193 5140 194 5159 ι
263 5118 305 5178 sit
331 5116 475 5192 ordinari,
495 5114 624 5193 proinde
638 5114 736 5175 sensit
749 5120 973 5175 sacramentum
987 5116 1123 5191 pendere
1167 5112 1222 5191 gii3
1237 5114 1318 5189 quod
1333 5119 1437 5174 contra
1452 5111 1562 5174 Christi
1577 5113 1808 5182 institutionem,
1825 5120 1962 5194 eoeperit
1974 5119 2029 5181 ba·

193 5224 194 5245 ι
261 5218 279 5259 a
295 5200 405 5260 virtute
417 5198 560 5270 ministri,
584 5196 636 5277 qui
651 5203 699 5258 est
712 5211 797 5259 error
811 5196 842 5257 in
856 5196 916 5258 lide
932 5194 1119 5257 manifestus.
1168 5195 1280 5273 plicare
1296 5212 1469 5273 campanas,
1492 5194 1573 5271 quod
1589 5196 1680 5257 etiam
1694 5194 1871 5272 innccenter
1884 5200 1936 5261 alii
1954 5201 2027 5263 hae·

262 5280 410 5356 Quocirca
426 5280 560 5342 loannes
574 5280 625 5341 tlt.
642 5279 766 5339 irritavit
781 5284 886 5357 postea
898 5285 961 5341 acta
975 5278 1120 5358 Stephani
1166 5279 1251 5339 retvei
1266 5278 1354 5342 nohis
1366 5276 1526 5357 objiciunt.
1536 5276 1642 5339 illrum
1656 5286 1790 5344 veroesl.
1801 5298 1926 5343 currvon
1937 5286 2028 5345 eliam

193 5390 194 5401 ι
261 5364 314 5423 Vl.
342 5368 372 5424 et
386 5362 561 5441 approbavit
574 5368 638 5423 acta
654 5360 801 5423 Formosi.
818 5362 879 5430 Sed
894 5376 1013 5423 rursum
1030 5362 1120 5438 paulo
1167 5360 1270 5421 dicant
1293 5376 1456 5437 campanas
1478 5378 1499 5419 a
1515 5360 1605 5421 nobis
1626 5368 1713 5422 antea
1724 5364 1922 5437 catechizari,
1939 5373 1968 5427 et
1982 5367 2028 5427 in·

193 5472 194 5511 l
261 5452 334 5523 prust
360 5444 485 5522 Sergius
500 5442 554 5507 lll.
582 5446 692 5504 ilerum
707 5442 831 5505 irritavit
845 5450 910 5505 acta
924 5444 1075 5519 Formosi3
1092 5451 1122 5505 et
1166 5442 1253 5505 strui.
1270 5448 1303 5503 ιιι
1315 5444 1436 5519 possint
1449 5441 1520 5503 fidei
1536 5442 1703 5521 symbolum
1720 5460 1876 5508 resonare.

193 5552 194 5591 l
261 5526 393 5605 proinde
408 5528 498 5588 etiam
508 5527 644 5601 loannis,
658 5534 687 5587 et
698 5526 947 5603 approbavilacla
960 5526 1120 5605 Stephani.
1208 5525 1260 5585 llel
1284 5526 1375 5603 igilur
1393 5541 1457 5586 rem
1474 5525 1582 5601 ipsam.
1599 5526 1645 5585 vel
1661 5542 1773 5588 nomen
1789 5530 1932 5605 baptismi
1947 5546 2027 5593 cam·

193 5650 194 5677 ,
263 5612 306 5671 lix
333 5611 382 5670 his
397 5609 592 5687 pontificibus
617 5609 775 5671 contrariis
791 5610 869 5670 inter
883 5626 930 5686 se,
946 5609 1122 5677 necessario
1167 5620 1313 5684 panarum
1326 5606 1603 5685 reprehenduntsi
1614 5624 1694 5684 rem;
1706 5617 1809 5687 aperte
1821 5612 2025 5690 decipiuntur,

264 5693 357 5770 aliqui
373 5700 483 5763 errent,
501 5700 533 5753 ul
547 5691 746 5754 ohserrarunt
765 5691 927 5772 diligenter
940 5688 1119 5771 llagdebur-
1152 5689 1215 5750 vel
1242 5688 1439 5749 mentiuntur:
1458 5706 1518 5750 non
1535 5689 1615 5749 enim
1631 5707 1796 5770 eavnpanae
1811 5694 2028 5773 reverabapli·

266 5790 381 5849 penses
407 5772 529 5836 (lentur.
546 5776 580 5836 tl.
597 5791 664 5853 cap.
683 5772 732 5835 lli.
746 5773 777 5835 ia
794 5774 849 5835 vilo
866 5774 1012 5852 Stephani
1030 5773 1075 5833 l'l.
1092 5780 1122 5834 et
1167 5777 1283 5843 rantur,
1307 5772 1361 5831 sed
1377 5772 1475 5833 solam
1493 5771 1727 5847 benedicuntur,
1743 5782 1773 5837 el
1788 5778 1967 5843 dedicantur
1981 5779 2026 5839 di·

264 5852 350 5919 cent.
370 5854 418 5917 to.
434 5872 503 5935 cap.
521 5857 571 5919 til.
587 5857 618 5918 in
634 5859 689 5918 vila
703 5855 830 5918 loconis
844 5856 896 5917 ill.
914 5866 944 5919 et
956 5856 1051 5934 Sergii
1064 5851 1118 5916 tlt.
1167 5854 1237 5914 vino
1259 5853 1365 5925 cultui,
1382 5870 1420 5915 eo
1435 5856 1536 5927 morlo,
1553 5871 1613 5930 nuo
1629 5858 1752 5934 templa.
1770 5860 1884 5921 altaria.
1901 5861 2025 5933 calices,

306 5938 501 6013 Respondeo:
529 5940 654 6001 lirrasse
670 5940 857 6017 Stephanum
871 5936 922 6000 vt
938 5944 968 5998 et
982 5938 1120 6017 Sergium
1166 5940 1201 6000 et,
1212 5936 1268 5997 alio
1284 5952 1369 5997 sacra
1384 5952 1465 6011 vasa,
1482 5941 1515 5998 ul
1529 5942 1611 6015 patet
1624 5952 1662 5999 ex
1675 5940 1851 6017 pontiileoli.
1867 5942 1920 6003 uhi
1934 5944 2026 6007 hahe-

265 6020 319 6082 lll.
332 6022 428 6085 sedin
441 6021 877 6102 quaesticcelvcttncnjcrls,
892 6022 1121 6085 etmaloetem·
1167 6024 1215 6082 tur
1235 6017 1411 6082 benedictio
1431 6027 1662 6097 campanaeet
1683 6023 1766 6083 nulla
1786 6023 1821 6087 lit
1839 6026 1954 6089 mentio
1975 6043 2025 6089 cs·
