4792 7009
437 710 503 771 Ιιιι
1063 713 1107 773 ιιΕ
1126 708 1265 772 acurio
1284 711 1458 774 robuttctt

366 847 527 913 decretum
538 844 703 912 Caelestini
718 863 781 913 nou
795 852 903 925 exstet,
921 855 1020 914 tamen
1036 848 1091 913 luit
1105 846 1178 911 olim
1191 846 1225 911 in
1269 846 1295 912 ri
1311 866 1401 913 usum
1417 848 1433 912 a
1448 845 1585 913 dominio
1598 846 1630 911 ln
1645 845 1799 932 ejusmodi
1813 849 1919 916 rebus:
1934 846 2092 913 dominari
2108 866 2144 913 e·

365 930 499 1011 antiquis
515 932 719 995 decretatibus
735 976 743 1006 ,
760 948 830 1011 cap.
846 932 1042 995 laudabilem
1059 978 1068 1005 ,
1098 930 1137 994 de
1151 946 1225 993 con·
1270 933 1334 994 olm
1349 939 1396 996 est
1410 949 1504 1013 posse
1519 948 1583 994 rem
1598 933 1777 1010 destmere3
1793 931 1923 1012 proinde
1937 932 2141 1013 impossibile

364 1030 446 1077 vers.
463 1012 634 1093 inlld.quod
650 1016 806 1079 decretura
819 1016 994 1094 dlplronsus
1006 1013 1120 1077 uidisse
1131 1014 1224 1077 sedi·
1269 1024 1327 1087 est,
1344 1030 1515 1093 passerem
1531 1015 1691 1078 destruere
1705 1017 1841 1091 utenda,
1858 1022 1891 1079 ut
1903 1032 2018 1097 panem
2033 1032 2142 1080 come·

364 1096 416 1159 elt.
433 1097 507 1159 lisse
522 1103 624 1160 autem
640 1097 718 1161 banc
740 1096 904 1160 Caelestini
920 1096 1102 1159 sententiam
1118 1096 1225 1158 baere-
1268 1097 1382 1167 dendo,
1399 1105 1430 1159 et
1443 1115 1505 1159 nun
1520 1112 1591 1160 esse
1604 1098 1762 1161 dominum
1777 1099 1862 1161 itlius
1874 1098 1977 1161 reizdt
1992 1098 2141 1162 Nieclous

362 1180 465 1252 ticam,
483 1180 606 1257 planum
623 1186 681 1257 est3
697 1188 759 1242 tum
774 1180 845 1259 qaia
860 1185 1044 1243 contrarium
1059 1178 1164 1241 docuit
1175 1179 1226 1239 ln·
1268 1179 1360 1242 docet
1373 1180 1405 1242 id
1421 1180 1485 1243 lieri
1501 1196 1607 1259 posse,
1623 1188 1653 1243 et
1667 1188 1763 1256 recte,
1780 1185 1851 1244 nam
1865 1181 1948 1243 idem
1959 1187 2070 1260 aperte
2084 1184 2141 1245 do-

361 1263 525 1331 nocentius
547 1261 600 1324 ΙΙΙ.
617 1278 685 1340 cap.
703 1262 821 1339 Quanto
837 1308 846 1338 ,
869 1264 908 1325 de
923 1262 1030 1326 divort.
1054 1268 1115 1323 tum
1132 1262 1223 1324 etiam
1268 1262 1332 1323 cuit
1345 1269 1452 1344 postea
1468 1262 1611 1342 Clemens
1626 1263 1661 1330 l.
1678 1263 1709 1325 in
1725 1263 1875 1327 clement.
1891 1262 1976 1325 Exivi
1991 1266 2033 1327 de
2048 1280 2139 1343 pare·

360 1348 429 1425 quia
446 1345 528 1407 idem
540 1343 704 1408 delinitura
712 1353 759 1407 est
771 1344 803 1406 iu
815 1346 948 1409 coneilio
959 1344 1222 1419 tridentinosess.
1268 1344 1337 1408 diso
1354 1392 1362 1418 ,
1379 1346 1419 1408 de
1433 1346 1519 1409 verb.
1536 1345 1639 1425 siguli.
1661 1346 1692 1408 οι
1707 1348 1780 1408 ratic
1796 1353 1843 1409 est
1857 1346 2019 1408 maniiesta
2037 1392 2048 1419 ,
2063 1349 2139 1427 quia

358 1427 410 1491 rt.
427 1444 496 1490 can.
513 1426 544 1489 5.
722 1472 725 1477 ,
1268 1442 1339 1491 esse
1351 1427 1532 1504 dominam,
1555 1444 1618 1490 nan
1632 1434 1681 1491 est
1694 1445 1787 1509 posse
1802 1428 2045 1492 remdestmere
2062 1446 2140 1508 quo·

400 1510 595 1587 ttesponceo:
612 1507 673 1571 Nec
689 1506 909 1584 coelestinum,
926 1526 984 1573 nec
995 1509 1222 1589 innocentium,
1268 1526 1401 1591 eumque
1416 1512 1519 1583 moda,
1531 1510 1588 1573 sed
1604 1526 1694 1589 posse
1709 1512 1806 1575 libere
1820 1512 2136 1591 destmerequando,

358 1594 473 1671 aliquid
490 1593 527 1653 de
543 1607 577 1653 ea
594 1592 717 1653 reuerti
734 1594 888 1669 statuisse,
906 1594 960 1655 sed
977 1601 1140 1669 utrumque
1156 1610 1220 1654 res·
1268 1594 1333 1666 ubi,
1350 1593 1504 1672 quomodo
1519 1593 1589 1673 quis
1603 1594 1746 1670 noluerit,
1764 1599 1795 1657 et
1809 1594 1900 1656 etiam
1914 1593 2044 1669 donare,
2061 1610 2140 1658 reu·

356 1677 515 1755 pondisse,
531 1675 611 1753 quod
628 1673 687 1736 sibi
704 1675 893 1754 probabilius
910 1676 1077 1737 ridebatur.
1090 1674 1124 1737 ld
1140 1675 1223 1755 quad
1267 1675 1341 1739 dere
1358 1723 1366 1750 ,
1384 1682 1572 1738 commutare
1586 1682 1645 1738 etc.
1662 1683 1781 1739 constat
1800 1683 1903 1739 autem
1917 1691 2027 1739 omnes
2045 1692 2139 1741 aeros

358 1756 518 1820 manileste
534 1756 688 1834 colligitur
703 1770 739 1819 ex
755 1758 857 1820 rerbts
872 1759 1063 1833 innocentit3
1081 1759 1131 1835 qui
1149 1774 1220 1819 cum
1267 1756 1429 1839 religiosos
1446 1759 1560 1820 babere
1575 1769 1664 1820 usum
1679 1763 1769 1838 panis
1783 1776 1876 1839 quem
1891 1760 2082 1835 comeduut,
2107 1769 2140 1823 οι

357 1842 442 1913 dicit,
453 1840 723 1917 praedecessorem
738 1858 827 1902 suum
843 1842 928 1903 aliter
940 1840 1220 1914 sensisseindicat,
1267 1843 1328 1902 rint
1344 1842 1425 1920 quod
1440 1842 1624 1916 bibunt,nec
1639 1851 1739 1904 tamen
1755 1858 1849 1921 posse
1864 1843 1914 1904 ttta
1930 1840 2141 1917 donare,reu·

356 1922 388 1985 in
404 1923 550 1999 opinione
566 1928 737 1983 retardatam
753 1924 854 1985 adhuc
870 1924 998 2001 positam
1014 1924 1121 1989 tuisse.
1136 1922 1222 1997 Quod
1267 1923 1351 1996 dere,
1371 1932 1497 1999 anulare,
1516 1924 1666 2003 projicere
1682 1931 1741 1986 etc.
1760 1925 1943 2003 ilices3ergo
1958 1924 2136 1987 erraritlo·

356 2023 428 2067 vero
443 2006 617 2083 tttpbonsus
631 2006 682 2080 ait,
701 2006 861 2083 epistolam
879 2006 1043 2069 coelestini
1060 2006 1154 2067 luisse
1167 2007 1221 2067 alt·
1266 2022 1375 2067 annes.
1393 2007 1589 2085 Respondec:
1605 2007 1648 2068 lta
1663 2009 1771 2079 rideri,
1788 2008 1844 2070 sed
1860 2023 1922 2069 non
1937 2007 1971 2068 ia
1983 2022 2019 2069 re
2044 2006 2138 2071 tidei:

357 2089 479 2167 quando
503 2088 582 2149 inter
596 2087 743 2165 epistolas
758 2090 929 2159 decretales
946 2108 954 2166 3
977 2104 1082 2151 aarum
1097 2088 1222 2168 quidem
1266 2088 1344 2150 baec
1358 2089 1441 2151 euim
1458 2090 1599 2169 quaestio
1613 2089 1651 2151 ad
1677 2089 1769 2152 iidem
1782 2107 1842 2151 noo
1855 2089 2000 2169 pertinet,
2014 2098 2049 2152 ut
2062 2090 2135 2169 ipse

358 2176 414 2241 est,
432 2171 488 2232 sed
506 2186 566 2231 uon
584 2175 684 2248 potest
700 2172 770 2233 inde
787 2172 1017 2251 colligiJaotum
1033 2187 1103 2233 csse
1117 2189 1133 2232 a
1147 2170 1223 2233 Cae·
1266 2169 1401 2234 loannes
1416 2173 1490 2233 dicit
1505 2173 1535 2232 in
1552 2172 1632 2233 Extr.
1650 2172 1725 2248 Quia
1741 2172 1954 2254 quorumdam
1970 2172 2069 2234 immo
2084 2174 2140 2236 nd·

356 2252 470 2315 lestiuc
486 2252 642 2315 decretum
666 2253 755 2331 plane
770 2255 972 2332 apostolicum
992 2300 999 2327 ,
1017 2260 1046 2317 et
1065 2270 1105 2314 ex
1120 2254 1223 2316 tattae-
1266 2253 1328 2315 buc
1342 2260 1414 2315 sunt
1428 2255 1466 2317 de
1483 2256 1541 2316 bac
1557 2271 1589 2315 re
1605 2255 1702 2317 rariore
1717 2255 1878 2318 ductorum
1893 2255 2082 2317 sententiae.

356 2340 408 2399 dra
423 2354 431 2411 ;
448 2344 519 2397 aaut
535 2341 675 2407 constet,
693 2337 785 2399 multu
801 2352 871 2399 esse
887 2338 945 2399 alia
961 2337 991 2397 in
1008 2336 1147 2415 epistolis
1169 2336 1222 2399 de·
1306 2335 1351 2398 lle
1374 2336 1515 2399 Secunde
1538 2338 1719 2415 quaestione
1740 2338 1883 2401 Nicotaus
1903 2337 2022 2410 sentit,
2047 2338 2136 2399 illanr

355 2418 523 2481 cretatibus
538 2464 546 2485 ,
563 2432 641 2495 quae
658 2434 718 2479 nan
735 2417 850 2480 iaciunt
865 2435 929 2481 rem
945 2420 1077 2499 aliquam
1093 2434 1163 2481 esse
1180 2420 1220 2483 de
1266 2426 1474 2499 paupertatem
1491 2435 1562 2481 esse
1577 2428 1711 2481 sanetum
1727 2427 1758 2481 et
1773 2419 2076 2499 meritoriamznegat
2087 2420 2138 2483 ιο·

355 2502 415 2563 tlde
431 2547 439 2569 .
456 2502 510 2562 sed
528 2501 627 2562 sotum
643 2500 805 2579 opiniones
819 2502 998 2581 pontificum
1014 2502 1051 2564 dc
1068 2516 1104 2564 eu
1118 2518 1152 2565 re
1168 2519 1221 2565 uo·
1266 2518 1376 2564 annes.
1399 2500 1436 2563 Et
1457 2518 1640 2581 quamquam
1652 2499 1773 2565 'metius
1792 2502 1935 2565 Nicotaus
1956 2503 2080 2564 sentire
2094 2505 2138 2564 ri·

355 2585 404 2646 bis
422 2583 602 2645 declamant..
1266 2585 1356 2645 detur
1373 2603 1382 2661 ;
1400 2592 1498 2647 tamen
1516 2600 1573 2646 uec
1588 2584 1729 2647 Nicotaus
1751 2587 1811 2647 buc
1825 2584 1962 2647 delinivit
1975 2590 2137 2664 nmquam

399 2665 713 2743 'trigesiumsquartus
736 2672 783 2727 est
798 2665 997 2731 innocentius
1011 2666 1067 2729 tlt.
1084 2668 1136 2746 qui
1152 2684 1221 2746 cap.
1266 2665 1426 2728 articulum
1442 2666 1527 2743 ssdei3
1543 2682 1602 2729 uec
1615 2666 1749 2730 Joaranes
1764 2668 1879 2729 directe
1895 2669 1953 2727 ιιοο
1967 2665 2134 2748 impugna·

356 2748 413 2809 Per
430 2745 661 2823 venerabilem,
687 2749 737 2827 qul
762 2746 816 2810 tilii
832 2749 894 2812 sint
909 2752 994 2831 legit.
1017 2750 1107 2811 docet
1123 2752 1223 2827 legem
1265 2748 1316 2812 ait.
1333 2748 1467 2810 ioannes
1489 2751 1570 2811 enim
1590 2751 1621 2811 in
1639 2750 1687 2811 illa
1704 2749 1785 2812 lintr.
1808 2750 1850 2812 ld
1866 2750 2061 2812 conditorem
2084 2766 2134 2813 ca·

356 2839 489 2893 veterem
507 2830 643 2891 nondum
657 2831 747 2908 plane
762 2846 832 2893 esse
848 2832 1043 2913 abrogatam:
1061 2831 1158 2900 Sorae,
1177 2836 1221 2893 tn·
1266 2848 1396 2909 nauum3
1412 2832 1511 2894 solum
1527 2832 1657 2893 intendit
1673 2833 1854 2894 renunciare
1869 2832 2008 2894 dominio
2023 2848 2135 2896 earum

359 2915 436 2993 quit,
454 2928 528 2973 cum
543 2910 829 2979 baateroaa‘mtam
842 2916 1053 2979 secundolae
1066 2916 1223 2993 interque·
1265 2930 1365 2975 rerum
1384 2961 1392 2983 ,
1409 2931 1487 2993 quae
1506 2914 1656 2976 donantur
1669 2914 1869 2981 franciscanis
1886 2961 1894 2985 ,
1911 2914 1994 2994 quod
2011 2915 2135 2977 romani

356 3000 451 3063 tetur.
468 3000 510 3058 eae
524 2996 557 3057 ai
569 2996 720 3058 vocabuli
741 2998 969 3076 comprobatur
986 3047 993 3070 ,
1023 3006 1060 3061 ot
1074 2998 1222 3078 quodibi
1265 2996 1420 3075 pontilicis
1441 3013 1476 3058 ea
1491 3012 1562 3059 esse
1578 3005 1749 3059 asseruerat
1764 2997 1902 3059 Nicotaus
1920 2998 2136 3061 :renunciare

357 3071 594 3149 descenderant
611 3078 804 3143 l'estomentu
819 3097 902 3143 nouo
918 3080 1031 3145 debant
1045 3080 1220 3143 obseruari.
1265 3086 1366 3142 autem
1383 3079 1535 3153 ejusmodi
1547 3080 1608 3158 juri
1626 3078 1879 3157 potuttloanues.

396 3162 434 3223 tt
456 3168 569 3239 pugnat
584 3162 642 3223 bac
657 3161 813 3224 decretum
836 3160 1008 3227 Innocentii
1023 3182 1091 3225 cum
1114 3165 1220 3225 decre·
1313 3160 1357 3223 De
1372 3162 1470 3224 'lertio
1486 3163 1665 3241 quaestione
1688 3161 1780 3240 (quae
1795 3168 1931 3224 oninium
1952 3161 2136 3241 grarlssinm
2200 3147 2201 3186 i

292 3270 293 3273 ¹
357 3248 389 3305 to
404 3260 431 3305 s.
447 3242 526 3305 Petri
542 3248 552 3315 ',
569 3242 635 3304 Aet.
654 3244 703 3307 tt.
721 3244 906 3323 Respondeo
922 3264 930 3307 ι
954 3246 1168 3311 Innocentium
1183 3262 1221 3308 eo
1265 3251 1324 3305 est.
1339 3249 1370 3305 et
1384 3245 1420 3305 ad
1437 3243 1529 3305 tidem
1546 3244 1696 3325 pertinet)
1712 3261 1773 3306 uon
1788 3244 2135 3309 dissentiunt-Nicotaus

355 3326 425 3389 loco
441 3342 501 3388 non
518 3326 653 3388 rotarisse
668 3328 783 3399 dicere,
795 3328 1134 3391 deuteronomiumtaoc
1147 3336 1221 3391 tem·
1266 3330 1297 3387 et
1309 3325 1455 3388 ioannes.
1471 3326 1544 3387 Nam
1558 3326 1699 3389 Nicotaus
1714 3328 1804 3400 dicit,
1820 3326 1973 3390 Christum
1987 3327 2131 3407 aliquau-

357 3425 431 3487 pore
448 3409 563 3470 debere
578 3411 691 3471 serrari
707 3412 744 3471 ad
761 3412 890 3488 literam3
904 3412 958 3473 sed
975 3419 1126 3492 quatenus
1142 3426 1221 3490 quae
1266 3407 1305 3471 (ιο
1322 3408 1573 3486 perlectissintam
1596 3410 1677 3471 illam
1691 3414 1902 3490 paupertatem
1921 3411 2016 3473 aerbo
2030 3417 2064 3472 et
2079 3428 2131 3472 ex·

356 3494 389 3553 iu
405 3506 442 3554 eo
461 3492 648 3567 arcebantur,
665 3490 782 3572 ssgurae
798 3502 885 3555 erant
900 3494 1084 3557 Testamenti
1101 3494 1181 3555 novi.
1196 3492 1222 3553 l·
1265 3492 1367 3569 empto
1381 3490 1538 3553 docuisse:
1557 3490 1721 3571 aliquando
1736 3497 1837 3554 autem
1848 3496 2061 3572 paupertatem
2074 3494 2132 3554 mi·

357 3577 417 3636 deo
432 3573 514 3635 enim
531 3573 711 3636 existimarit
725 3574 937 3648 Innocentius,
947 3578 1063 3639 dictum
1078 3592 1151 3638 esse
1163 3575 1221 3639 lle·
1266 3589 1325 3635 nus
1340 3573 1469 3653 rigidam
1484 3575 1625 3651 exemplu
1640 3575 2033 3655 demonstrasse,tauquam
2045 3591 2133 3639 corn·

357 3655 583 3719 uterannmium
600 3656 768 3719 secundam
783 3658 968 3737 legem,qala
980 3660 1073 3721 multa
1085 3662 1223 3722 continet
1265 3657 1389 3717 munem
1404 3656 1541 3718 omnium
1556 3663 1674 3735 patrem
1689 3664 1719 3720 et
1730 3658 1900 3720 doctorem.
1925 3656 2064 3721 loannes
2079 3675 2132 3721 nu·

358 3741 396 3801 ad
413 3740 512 3817 legem
531 3754 636 3799 auvam
650 3738 779 3818 ligurate
795 3741 990 3819 pertinentia.
1065 3740 1066 3743 ’
1266 3743 1327 3800 tem
1340 3736 1461 3812 delinit,
1475 3754 1546 3801 esse
1562 3742 1748 3802 haereticum
1763 3738 2074 3812 asserere,ilbristum
2087 3744 2133 3802 ni·

400 3820 715 3901 'laigasimusquintus
738 3828 785 3884 est
806 3823 947 3885 Nicotaus
968 3823 1018 3887 ll.
1035 3822 1087 3903 qui
1103 3822 1135 3884 in
1150 3840 1219 3904 cap.
1264 3820 1310 3882 bil
1326 3838 1461 3900 unquam
1477 3822 1526 3884 bic
1542 3822 1677 3884 interris
1693 3822 1839 3885 babuisse
1861 3822 2002 3903 proprii,
2019 3840 2081 3885 nec
2098 3824 2129 3884 io

357 3903 457 3971 Exiit,
475 3910 513 3965 de
530 3903 612 3965 verb.
630 3905 733 3981 stanit.
753 3907 781 3966 in
798 3906 909 3980 Sexta,
927 3906 1049 3981 delinit,
1068 3904 1222 3969 Christum
1267 3904 1407 3982 speciali,
1423 3918 1482 3966 nec
1496 3906 1528 3966 in
1543 3906 1711 3967 communi.
1727 3905 1810 3977 Quae
1824 3904 1885 3967 duo
1900 3922 1962 3966 non
1978 3914 2130 3984 pugnant:

358 3986 453 4048 verbo
465 3993 499 4046 et
510 3988 652 4065 exemplo
664 3988 808 4049 docuisse
821 3988 983 4066 perlectam
996 3997 1220 4069 paupertatem,
1265 4002 1335 4047 nam
1350 3985 1492 4049 Nicotaus
1513 4001 1576 4049 nou
1591 3990 1682 4069 negat
1697 4033 1705 4061 ,
1729 3984 1882 4051 Christum
1896 3989 2062 4066 aliquando
2078 3988 2130 4050 ba·

359 4086 437 4148 quae
453 4068 595 4130 consistit
610 4070 639 4129 in
655 4069 846 4133 abdicatione
861 4072 998 4133 amnium
1013 4088 1127 4147 rerum,
1138 4073 1222 4135 nullo
1267 4068 1375 4132 buisse
1388 4068 1504 4149 aliquid
1522 4070 1638 4149 proprii·
1650 4070 1758 4132 saltem
1773 4071 1805 4133 iu
1818 4068 1988 4147 eommuni3
2003 4070 2061 4131 sed
2078 4088 2132 4133 oe·

357 4154 416 4213 sibi
433 4152 569 4213 duminio
586 4153 765 4221 relictomec
780 4153 812 4215 in
828 4156 1013 4232 particulari,
1027 4171 1084 4217 nec
1097 4155 1125 4215 iu
1138 4171 1219 4217 com·
1266 4156 1317 4229 gat
1331 4154 1567 4231 sempertalem
1583 4155 1674 4214 vitam
1688 4151 1841 4215 dbrlstum
1861 4153 1977 4231 egisse.
1991 4150 2131 4215 Ioannes

357 4234 456 4310 muni;
474 4250 508 4293 ae
526 4234 653 4311 proinde
668 4236 757 4310 talem
776 4244 985 4315 paupertatem
1000 4254 1069 4301 esse
1085 4244 1222 4301 sanctam
1265 4250 1388 4313 quaque
1411 4251 1471 4296 raon
1489 4239 1603 4315 negat,
1627 4233 1781 4298 Christum
1799 4234 1961 4314 aliquando
1984 4234 2063 4296 nibil
2079 4236 2131 4297 ba·

358 4324 388 4378 et
404 4316 633 4383 uaeritcriamat
648 4317 706 4380 boe
721 4318 829 4380 talsum
845 4336 914 4382 esse
927 4328 957 4383 et
968 4320 1154 4383 haereticum
1167 4322 1221 4382 do-
1264 4314 1371 4378 baisse
1388 4316 1525 4396 proprii,
1543 4333 1601 4379 nec
1615 4316 1647 4377 in
1663 4318 1789 4397 speciali
1803 4364 1812 4393 ,
1828 4333 1887 4379 nee
1902 4320 1933 4377 in
1948 4319 2130 4395 eommuni;

359 4405 408 4460 eet
422 4398 556 4462 loannes
571 4398 666 4461 Xllll.
686 4401 714 4461 in
731 4400 813 4463 Extr.
830 4402 998 4477 suis,tit.de
1014 4404 1098 4464 verb.
1114 4403 1219 4481 siguli.
1264 4399 1319 4460 sed
1336 4404 1438 4479 negat,
1452 4416 1577 4477 semper
1593 4400 1684 4461 tatem
1699 4400 1787 4462 vitam
1802 4399 1955 4463 Christum
1970 4400 2091 4479 egisse.

357 4480 430 4544 Nam
446 4483 475 4541 in
494 4480 572 4543 Ertr.
590 4485 631 4542 ιι
647 4484 835 4555 conditorem
852 4502 1015 4555 canonum,
1032 4486 1133 4557 docet,
1151 4502 1220 4548 esse
1305 4480 1391 4557 Quod
1415 4487 1516 4544 autem
1532 4481 1671 4545 Christus
1692 4488 1854 4563 utrumque
1874 4483 2013 4544 docuerit
2033 4482 2130 4546 rerba

357 4562 581 4641 impossibilem
605 4566 694 4631 taletn
712 4572 919 4645 paupertatem
937 4616 944 4636 ,
968 4570 1025 4646 qua
1042 4567 1111 4647 quis
1126 4570 1156 4629 in
1173 4584 1220 4630 re·
1265 4567 1297 4624 et
1311 4564 1451 4643 exemplo
1467 4612 1474 4638 ,
1490 4564 1652 4643 probatur:
1669 4582 1739 4627 nam
1755 4570 1962 4644 paupertatem
1977 4566 2130 4627 omnimo·

357 4647 417 4709 bus
440 4662 498 4708 usu
513 4646 806 4726 consumptibiltbus
827 4650 948 4712 abdicat
969 4666 1003 4711 se
1014 4650 1102 4721 amni
1125 4652 1221 4712 dami-
1264 4644 1333 4706 darn
1350 4646 1455 4708 docuit
1469 4646 1627 4708 battuta.
1644 4664 1714 4710 cum
1730 4647 2130 4726 atrztlottreposrtdereoc

358 4730 409 4791 uio
427 4778 434 4795 .
453 4729 519 4790 sola
536 4746 594 4791 usu
611 4735 728 4793 retento
746 4775 754 4803 ,
771 4739 802 4793 et
817 4732 846 4792 in
864 4733 944 4794 lintr.
961 4731 1035 4794 Cum
1052 4735 1130 4795 inter
1146 4750 1221 4794 nau·
1263 4742 1339 4790 rrun
1354 4774 1362 4797 .
1378 4744 1439 4792 aec
1454 4734 1626 4809 arpentum
1641 4777 1650 4803 ,
1665 4746 1771 4811 neque
1783 4732 1961 4809 pecuniam
1980 4731 2020 4793 ιιι
2033 4734 2128 4794 zonis

359 4813 472 4885 nullas,
490 4810 633 4886 declarat,
651 4830 721 4875 esso
737 4814 924 4876 banareticum
940 4815 1054 4886 dicere,
1068 4814 1221 4878 Christum
1263 4812 1385 4886 aalma,
1401 4827 1471 4874 aon
1482 4829 1608 4891 precum,
1624 4828 1684 4875 nec
1698 4815 1781 4877 duca
1796 4814 2053 4893 tuniccemeque
2064 4816 2129 4875 cnt-

359 4896 449 4956 talem
465 4901 672 4973 paupertatem
688 4898 780 4958 rerba
796 4900 846 4959 'arrt
861 4899 1000 4975 exempto
1016 4898 1170 4959 docuisse.
1185 4900 1221 4959 Et
1266 4900 1453 4969 eramento,
1469 4912 1575 4975 neque
1587 4896 1725 4974 cirpum
1741 4897 1845 4974 Neque
1858 4895 1951 4957 relect
1967 4940 1976 4967 ,
1991 4912 2032 4956 an
2047 4897 2129 4958 baec

357 4976 389 5037 in
406 4977 484 5038 llxtr.
502 4976 576 5052 Quia
592 4983 803 5057 quorumdum,
821 4981 900 5041 idem
916 4982 1056 5045 docetac
1072 4980 1219 5057 prolixius
1263 4976 1356 5038 rerba
1370 4984 1482 5039 sonent
1496 4987 1704 5056 praeceptum,
1720 4995 1759 5040 au
1773 4976 1948 5050 eonsilium,
1961 4982 1993 5039 et
2004 4993 2046 5039 au
2061 4995 2133 5057 pos·

358 5060 502 5121 inculcat.
524 5058 611 5122 toan.
626 5061 666 5122 de
681 5061 908 5124 turrecremata
930 5063 983 5124 tib.
1000 5064 1030 5123 2.
1048 5062 1132 5123 Sum.
1150 5079 1218 5141 cap.
1264 5058 1327 5119 siut
1340 5060 1452 5138 exponi
1474 5061 1561 5122 aliter
1575 5077 1666 5138 quarn
1687 5060 1726 5122 de
1745 5060 1935 5122 abdicatione
1956 5059 2063 5124 omnis
2076 5061 2131 5124 dc·

360 5140 431 5203 titt.
450 5148 576 5203 conatur
590 5141 622 5203 in
638 5141 782 5206 omnibus
798 5146 854 5209 bos
870 5144 1030 5223 pontifices
1043 5144 1219 5221 conciliare,
1265 5142 1366 5204 minii.
1389 5142 1462 5204 Nam
1478 5143 1553 5205 satis
1568 5151 1615 5205 est
1630 5143 1667 5204 ad
1682 5142 1865 5205 senteutiam
1880 5142 1995 5205 Nicolai
2010 5143 2131 5205 sairan-

359 5224 439 5287 sicut
453 5228 542 5286 etiam
557 5224 627 5304 ipse
641 5224 786 5302 loannes,
802 5228 906 5290 nititur
921 5230 1133 5301 ostenderese
1146 5245 1162 5288 a
1173 5228 1221 5289 Ni·
1265 5225 1334 5285 dam
1349 5270 1357 5297 ,
1374 5228 1455 5302 quod
1474 5226 1551 5286 baec
1566 5227 1605 5286 sit
1619 5224 1733 5287 Christi
1745 5226 1882 5287 doctrina
1897 5272 1904 5299 ,
1920 5230 1951 5287 et
1965 5225 2052 5303 quod
2068 5242 2130 5288 uon

358 5307 445 5371 caluo
461 5322 521 5367 non
538 5308 714 5371 dissentire.
1264 5306 1419 5386 repugnet
1437 5308 1465 5369 ei
1480 5307 1538 5369 iste
1554 5324 1666 5370 sensus
1683 5352 1691 5381 ,
1715 5314 1747 5370 at
1760 5322 1864 5370 rerem
1886 5322 1948 5369 non
1962 5315 2129 5387 repugnat

399 5389 436 5451 tt
451 5389 597 5468 prolecto,
616 5390 674 5452 nisi
690 5406 747 5468 ego
763 5390 961 5453 vehementer
974 5390 1108 5463 faltonia
1123 5390 1221 5456 oanni·
1265 5389 1328 5451 ldtsi
1345 5392 1427 5452 enim
1444 5390 1582 5452 cbristus
1597 5389 1767 5470 subjiciens
1783 5408 1793 5451 ι
1808 5388 1934 5469 Dianas
1953 5394 2002 5452 eat
2014 5406 2130 5469 opero-

358 5473 418 5536 bus
447 5470 601 5535 conicitiari
632 5479 800 5551 nequeunt.
817 5472 870 5536 Est
885 5474 975 5553 igitur
990 5475 1220 5549 advertendum,
1264 5473 1334 5535 rius
1348 5474 1495 5535 mercede
1508 5488 1581 5549 ecc,
1595 5472 1739 5550 obligarit
1753 5473 1885 5553 populos
1900 5473 1938 5533 od
1952 5480 2131 5536 sustentau-

360 5564 420 5619 tres
435 5553 632 5633 quaestiones
656 5558 771 5617 tractari
788 5564 803 5618 a
818 5556 935 5618 duanae
957 5563 986 5619 et
1001 5556 1134 5619 Nicolao.
1157 5556 1221 5620 Pri·
1266 5555 1322 5617 dos
1338 5555 1564 5634 praedicatores
1580 5602 1588 5629 ,
1606 5561 1637 5617 et
1650 5554 1779 5635 proinde
1795 5554 1950 5618 concessit
1971 5556 2133 5634 praedica·

359 5652 408 5699 ma
424 5642 472 5699 est
490 5684 499 5712 ,
522 5653 559 5697 aa
577 5638 605 5699 in
623 5639 716 5701 rebus
738 5656 795 5701 usu
812 5638 1101 5719 consumptibilibus
1124 5641 1232 5718 possit·
1265 5638 1405 5708 toribus,
1423 5652 1455 5699 ut
1467 5638 1537 5717 jure
1552 5638 1674 5717 exigant
1688 5636 1941 5701 sustentationem
1956 5655 1972 5698 a
1988 5637 2130 5717 populis;

358 5719 494 5795 separari
511 5734 585 5781 usus
601 5736 623 5783 a
634 5721 781 5783 dominio.
799 5719 939 5783 Secunda
955 5770 962 5795 ,
979 5740 1016 5783 an
1033 5730 1218 5801 paupertas,
1264 5736 1326 5782 uon
1340 5727 1441 5782 tamen
1457 5720 1602 5801 obligarit
1622 5722 1707 5799 ipsos
1721 5720 1948 5799 praedicatores
1963 5764 1972 5794 ,
1988 5728 2022 5781 ut
2037 5720 2130 5801 quaesi

357 5812 436 5877 quae
452 5816 542 5863 omne
559 5802 728 5865 dontinium
744 5824 759 5865 a
775 5822 808 5866 sc
824 5812 974 5880 removet,
993 5806 1058 5866 satu
1075 5822 1132 5867 usu
1148 5806 1219 5867 reli·
1264 5804 1397 5866 debitam
1412 5803 1558 5882 exigant,
1583 5808 1616 5864 ut
1630 5807 1713 5880 patet
1727 5820 1762 5865 cr
1778 5801 1870 5866 Paulo
1892 5804 1922 5863 l.
1937 5800 2078 5865 Corinth.
2094 5802 2129 5865 9.

358 5886 420 5955 cto,
438 5883 479 5943 sit
492 5890 596 5945 sancta
613 5891 642 5944 et
657 5887 823 5948 meritur-ia.
839 5886 949 5963 Tertia,
966 5904 1004 5949 au
1021 5886 1158 5950 cbristus
1176 5893 1219 5951 ta·
1264 5887 1320 5948 sed
1338 5885 1476 5964 permisit
1490 5885 1536 5948 eis
1547 5887 1646 5948 virere
1661 5885 1701 5947 de
1715 5884 1781 5947 suis
1795 5884 1964 5957 laboribus,
1979 5884 2028 5947 rel
2044 5886 2129 5948 acei-

356 5961 420 6027 iem
435 5970 644 6042 paupertatem
660 5966 753 6030 aerbo
770 5976 799 6030 οι
814 5972 954 6049 exempto
970 5970 1119 6032 docuerit.
1262 5985 1338 6048 pere
1351 5974 1494 6048 tanquam
1516 5970 1629 6031 danum
1646 5965 1715 6029 sine
1730 5969 1794 6030 ulta
1809 5968 2009 6047 usurpatione
2029 5966 2136 6029 domi·

401 6043 447 6109 De
461 6047 556 6125 prima
570 6046 705 6113 loannes
720 6050 970 6131 respondetzNon
985 6069 1077 6132 posse
1093 6068 1216 6131 separa·
1261 6051 1318 6131 nil,
1333 6053 1415 6133 quud
1430 6066 1466 6114 er
1479 6051 1600 6133 justitia
1614 6050 1677 6116 illis
1692 6051 1872 6118 debebatur.
1887 6048 2024 6127 umedtt
2042 6052 2133 6130 qaod
