4792 7009
1011 717 1109 778 atttett
1125 717 1268 777 tenaliis
1899 715 1950 776 atil

269 857 413 925 omnibus
427 849 561 933 oppidis,
576 849 625 912 rel
639 849 783 914 domibus
799 851 948 934 Europae.
971 853 1014 916 lta
1030 853 1115 923 ,enim
1161 859 1194 916 ut
1208 849 1319 919 alicubi
1334 847 1425 914 slmul
1437 851 1509 914 stat:
1521 847 1625 913 namsi
1638 865 1788 930 nusquam
1800 851 1891 917 slmul
1903 860 2020 931 essent,

274 942 410 1008 cbristus
424 937 521 998 luerat
531 935 562 994 in
575 937 668 1006 terra,
683 934 889 998 ambulaverat
913 951 1008 1015 super
1022 952 1116 1009 mare,
1161 943 1235 998 tunc
1248 951 1320 998 vere
1335 935 1414 997 inter
1428 949 1463 997 se
1477 934 1635 996 distarent.
1658 933 1803 1014 llaemplo
1825 937 1933 1000 existat
1957 939 2022 1017 pto·

270 1029 368 1090 meret
378 1027 409 1084 tn
423 1019 505 1092 abre,
522 1017 554 1077 in
568 1030 672 1092 cruce,
687 1017 785 1080 luerat
797 1018 857 1080 sub
868 1025 958 1095 terro,
972 1019 1003 1080 io
1023 1017 1118 1080 iuier-
1161 1015 1321 1082 busSolis.
1337 1015 1369 1078 ls
1383 1017 1486 1080 unitus
1501 1022 1549 1079 est
1560 1015 1815 1095 inseparabiliter,
1825 1025 1862 1082 et
1876 1019 2026 1081 indistan-

269 1103 320 1188 no;
335 1103 442 1170 debuit
452 1115 527 1180 ergo
540 1098 709 1163 ascendere
723 1101 754 1162 in
768 1101 901 1173 coetum,
917 1103 1061 1164 otomnia
1076 1101 1120 1162 lo·
1163 1109 1210 1164 tar
1223 1116 1280 1164 suo
1295 1099 1373 1170 orbi,
1390 1105 1421 1162 at
1431 1105 1533 1162 tamon
1548 1099 1632 1161 orbis
1646 1098 1726 1162 Solis
1741 1105 1835 1162 toturn
1857 1101 1963 1163 orbem
1977 1103 2023 1163 in·

271 1211 305 1256 aa
316 1185 487 1270 praesentia
499 1199 555 1244 sua
567 1182 731 1245 illustraret
744 1188 776 1243 et
789 1185 933 1260 repleret.
1048 1228 1061 1237 η
1162 1184 1307 1246 inriorem
1321 1183 1426 1257 ambit,
1442 1183 1473 1244 et
1487 1188 1534 1244 est
1548 1181 1639 1243 simul
1655 1183 1687 1243 in
1701 1182 1861 1246 occidente
1883 1190 1913 1245 et
1924 1185 2027 1248 orlen-

310 1273 407 1336 lmmo
422 1267 473 1330 bic
485 1265 568 1327 idem
579 1266 667 1327 locus
681 1263 840 1329 macilente
855 1267 955 1341 docet,
968 1264 1120 1328 Christum
1163 1272 1207 1342 te,
1223 1265 1307 1346 quod
1320 1265 1401 1328 Solis
1415 1264 1507 1345 globo
1523 1279 1585 1324 uon
1601 1265 1755 1328 convenit.

273 1372 335 1421 noo
349 1351 518 1432 replevisse
528 1346 630 1409 ornain
644 1350 815 1427 praesentia
829 1349 930 1411 curnis
942 1363 1028 1426 soee;
1051 1361 1122 1408 nam
1205 1347 1345 1412 Instant:
1370 1347 1423 1410 Sol
1435 1363 1495 1410 non
1513 1353 1560 1408 est
1571 1348 1674 1408 nultus
1696 1363 1753 1409 suo
1774 1345 1839 1409 orbi
1855 1347 2028 1412 secundum

273 1436 474 1504 descendere,
487 1437 519 1494 et
532 1436 636 1508 postea
654 1431 823 1498 ascendere
849 1437 1001 1511 repugnat
1023 1430 1124 1510 reple·
1164 1435 1273 1505 totum,
1286 1429 1342 1493 scd
1356 1432 1527 1492 secundum
1543 1437 1659 1507 partem
1672 1435 1797 1490 tantum:
1814 1435 1844 1491 at
1859 1429 2032 1493 humanitas

275 1515 523 1586 tioniadebuisset
535 1515 638 1591 potios
652 1511 824 1576 dlliundere
838 1529 979 1593 semaam
993 1511 1123 1576 descen·
1166 1517 1216 1578 esi
1229 1515 1311 1576 unita
1326 1515 1379 1574 toti
1394 1512 1503 1575 Verbo.
1518 1511 1893 1590 llespondeoabumanitas
1904 1517 1951 1576 est
1965 1513 2033 1592 qui·

278 1605 392 1668 dereet
404 1596 584 1668 escendere,
600 1597 626 1656 si
638 1596 739 1658 omnia
751 1595 842 1659 simul
852 1598 973 1676 replere
989 1595 1123 1670 volebat;
1168 1598 1238 1660 dem
1255 1596 1336 1658 unita
1352 1593 1406 1656 toti
1420 1593 1531 1668 Verbo,
1546 1595 1616 1673 quein
1629 1593 1762 1656 Verbum
1773 1602 1820 1657 est
1833 1595 2031 1659 indivisibile:

277 1689 339 1750 imo
352 1698 411 1747 uec
421 1680 478 1742 luit
491 1691 569 1757 opus
583 1676 785 1754 descendere,
800 1680 850 1741 vel
873 1679 1054 1757 ascendere,
1076 1677 1126 1741 rel
1169 1686 1270 1742 umen
1285 1692 1347 1739 non
1363 1683 1523 1756 propterea
1539 1677 1686 1756 adaequat
1697 1692 1766 1756 epus
1783 1678 2033 1743 immensitatem.

278 1770 371 1835 etiam
387 1762 559 1828 dtducdarn
572 1775 620 1834 se,
635 1761 662 1823 si
676 1762 792 1840 ubique
806 1777 931 1842 semper
944 1760 1011 1824 luit.
1168 1762 1277 1840 ltaque
1291 1761 1371 1822 sicut
1384 1757 1484 1833 stelin,
1501 1759 1571 1838 quia
1584 1757 1683 1820 minor
1694 1766 1742 1821 est
1753 1761 1843 1822 molis
1854 1761 2034 1839 quantitate,

318 1850 381 1914 ltec
391 1842 604 1909 ¹0ecumenius
632 1849 664 1906 et
677 1843 922 1926 Tbeopbplactus
943 1842 1128 1908 contrarium
1171 1859 1263 1924 quam
1279 1841 1319 1905 sit
1333 1839 1512 1913 suasorbis,
1527 1856 1587 1902 non
1600 1847 1700 1920 potest
1711 1841 1802 1904 simul
1814 1857 1885 1906 esse
1897 1843 2036 1906 ubicum-

280 1935 403 1998 docent.
414 1927 487 1990 llam
495 1925 703 1991 oecumenius
717 1928 817 1990 solum
842 1929 902 1991 ait:
921 1927 1036 1991 (ibride
1057 1941 1130 1991 cor·
1172 1941 1233 2007 que
1248 1930 1296 1988 est
1309 1924 1407 2004 ipsius
1418 1923 1520 1985 orbis:
1534 1921 1574 1984 lte
1587 1922 1758 1986 humanitas
1771 1923 1893 1999 cbristi,
1907 1927 1977 2005 quia
1990 1929 2038 1988 est

279 2031 356 2081 raam
368 2009 538 2095 replevisse
552 2010 675 2072 omnio.
692 2009 778 2082 Quod
793 2011 972 2090 intelligitur
986 2027 1024 2073 eo
1039 2012 1131 2074 modo
1173 2009 1274 2072 minor
1283 2006 1379 2070 Verbo
1390 2005 1555 2083 quantitate
1566 2005 1692 2078 virtutis,
1704 2013 1878 2086 conpotest
1889 2021 1959 2071 esse
1972 2007 2039 2070 ubi·

285 2115 346 2179 quo
361 2096 490 2176 poterol,
505 2093 597 2165 idest,
612 2107 675 2154 oon
689 2093 792 2166 simol,
805 2095 861 2155 sed
876 2094 1053 2157 successive
1078 2094 1133 2156 ob·
1175 2107 1308 2170 cumque
1323 2088 1525 2163 esl‘Verbom,
1542 2086 1615 2150 licet
1625 2088 1663 2150 ab
1676 2103 1712 2150 eo
1725 2103 1787 2150 non
1800 2095 1970 2170 separetur,
1981 2105 2040 2155 uad

284 2180 387 2247 eundo
411 2177 513 2238 omnia
537 2175 668 2237 locelli
690 2174 935 2254 Tboopbploctos
957 2193 1018 2238 non
1045 2177 1131 2252 dixit,
1177 2176 1283 2240 distet.

197 2308 198 2311 ,
284 2261 396 2329 curisti
407 2260 593 2320 descensum
608 2271 670 2318 non
683 2257 880 2335 impedivisse
894 2274 955 2338 quo
970 2260 1072 2321 minus
1094 2259 1135 2322 si·
1218 2255 1263 2319 ld
1277 2254 1411 2317 ultimam
1428 2252 1688 2318 confirmationem
1701 2249 1770 2316 dico
1782 2269 1790 2312 ε
1802 2251 1885 2316 illam
1899 2253 2037 2336 proposi·

197 2398 198 2409 ,
285 2345 350 2409 mul
364 2340 554 2415 ascenderet,
572 2339 705 2402 sednon
720 2341 918 2418 impedivissn
946 2359 1007 2420 quo
1032 2341 1137 2404 minus
1178 2339 1295 2402 tionem
1312 2336 1577 2400 vmoomottcoot
1588 2349 1657 2399 raon
1672 2341 1717 2398 eet
1730 2334 1825 2412 bomo
1840 2351 1910 2399 esse
1922 2336 2040 2412 lulsam,

285 2424 477 2496 ascenderet,
494 2422 636 2483 nimirum
650 2430 767 2500 postea.
780 2423 921 2486 llortatur
941 2424 1024 2487 enim
1038 2425 1138 2487 Theo·
1179 2421 1207 2485 si
1222 2419 1374 2500 sipvillcnt
1393 2419 1525 2482 Verbum
1547 2418 1658 2480 alicubi
1680 2420 1853 2481 deservisse
1875 2419 2047 2482 humanitu-

197 2576 198 2579 ,
289 2510 451 2590 phalantus
465 2504 503 2566 ad
518 2504 731 2577 bumilitatem,
747 2511 779 2566 et
791 2507 945 2581 ostendit,
967 2507 1049 2587 quod
1077 2523 1139 2585 quo
1180 2513 1254 2567 tem.
1271 2503 1355 2564 Licet
1369 2502 1450 2564 enim
1462 2501 1573 2563 alicubi
1589 2501 1628 2562 sit
1645 2500 1773 2562 Verbum
1789 2501 1842 2564 ubi
1853 2515 1916 2563 non
1932 2503 2045 2565 esthu·

285 2592 384 2670 magis
395 2589 447 2650 bic
460 2602 532 2650 sese
546 2586 658 2665 aliquis
671 2586 806 2666 dejiciet,
823 2604 861 2658 eo
874 2589 971 2668 magis
995 2587 1140 2652 exaltabi·
1183 2586 1446 2662 manitas31amen
1461 2583 1550 2646 etlam
1567 2582 1608 2645 ibi
1624 2581 1756 2646 Verbum
1771 2589 1818 2646 est
1838 2583 1951 2660 homo,
1976 2584 2048 2664 quio

197 2720 198 2743 r
285 2674 346 2748 tur,
356 2671 437 2734 sicut
448 2670 479 2730 lo
492 2668 610 2731 cbristo
625 2668 736 2731 lactum
746 2671 913 2751 eselraque
937 2687 1096 2751 perperam
1107 2669 1141 2734 bi
1184 2669 1317 2732 Verbum
1328 2667 1369 2729 ibi
1381 2668 1516 2730 existens
1528 2671 1676 2730 sustentat
1689 2667 1904 2729 humanitatem
1917 2672 1948 2728 ut
1962 2681 2050 2729 suam

197 2815 200 2826 .
286 2758 350 2820 duo
364 2757 505 2818 auotores
519 2751 688 2831 oderantur
701 2753 740 2815 ab
753 2755 929 2820 auctoribus
940 2753 1140 2820 Concordiae.
1186 2757 1217 2815 et
1231 2751 1395 2832 propriam,
1408 2750 1481 2812 licet
1494 2750 1566 2812 alibi
1581 2747 1773 2812 existentem.
1786 2749 2048 2827 Quemadmodum

1050 2887 1054 2893 .
1186 2839 1287 2896 anima
1301 2833 1457 2896 rationalis
1471 2833 1503 2894 in
1518 2832 1598 2912 pede
1613 2829 1748 2894 existens
1765 2832 1846 2894 uuita
1859 2837 1906 2894 est
1920 2847 1989 2894 cum
2001 2847 2050 2894 ca·

609 2913 728 2981 cleda
747 2918 840 2985 xvii.
888 2973 892 2976 .
1186 2917 1251 2998 pite
1263 2963 1272 2993 ,
1284 2915 1474 3063 etdioiormat
1487 2921 1597 2996 caput,
1613 2913 1686 2977 lieet
1700 2919 1791 2997 caput
1806 2913 1849 2977 ibi
1863 2929 1927 2980 non
1940 2913 1981 2978 slt
1995 2909 2049 2978 ubi

197 3039 199 3055 ι
280 3038 284 3042 -
1175 3002 1260 3065 ἐηηῖ
1298 3015 1386 3064 ees.

197 3068 199 3091 ⁸
330 3082 474 3148 soluitur
482 3085 711 3162 oruamentum
725 3099 769 3147 eac
781 3085 856 3165 ipro
865 3084 1099 3152 incarnatione
1275 3016 1296 3082 p
1362 3089 1367 3094 ’
1797 3145 1798 3148 ,

197 3168 199 3173 ’
648 3167 792 3232 ductum.
1498 3159 1615 3227 cleda
1635 3161 1744 3228 tttttlt.

350 3330 494 3394 (lemnum
520 3335 745 3410 argumentum.
770 3333 828 3398 Per
850 3333 1093 3399 incommodam
1117 3333 1151 3400 id
1232 3331 1375 3402 solvatur
1388 3325 2017 3410 orponenmmeot’otrumtosttmontta

197 3412 199 3421 ’
294 3414 478 3488 factumest,
494 3420 528 3474 ut
547 3419 631 3476 esset
644 3431 704 3478 uua
719 3431 851 3494 persona
878 3417 962 3480 lleus
989 3422 1021 3480 et
1043 3418 1148 3481 bomo:
1548 3413 1696 3494 peltana.

197 3500 198 3551 1
297 3511 433 3578 persona
444 3501 546 3558 autem
561 3502 609 3558 est
619 3497 774 3562 individua
789 3499 971 3579 substautia3
999 3515 1073 3581 ergo
1086 3516 1151 3564 uon

197 3580 198 3651 ζ
294 3585 400 3659 potest
412 3593 474 3640 una
490 3593 561 3657 pers
573 3593 724 3657 personae
738 3581 776 3644 ab
792 3582 885 3645 altare
901 3583 965 3645 ullo
988 3584 1081 3645 modo
1105 3581 1152 3644 dt·
1235 3581 1352 3644 donum
1368 3582 1578 3660 armamentum
1590 3594 1628 3643 ex
1638 3575 1788 3642 Patribus:
1801 3593 1836 3640 ao
1848 3575 1948 3657 primo
1958 3575 2057 3656 prole·

297 3661 663 3740 velti;ergo.ubicumqua
678 3669 726 3726 est
740 3663 856 3735 une,ibi
868 3671 916 3728 nst
930 3664 1153 3728 alterndoullr·
1193 3669 1266 3728 runt
1280 3661 1529 3743 chrysostomum
1543 3662 1626 3725 bom.
1644 3661 1728 3724 li.tn
1745 3662 1835 3742 epist.
1852 3660 1889 3722 ud
1904 3659 1998 3724 llebr.
2016 3657 2062 3722 sio

294 3748 400 3805 matur
415 3742 513 3820 primo
527 3757 564 3804 ex
580 3743 716 3807 concillo
732 3744 986 3817 chalcedonensi,
999 3753 1058 3810 act.
1076 3747 1106 3813 5.
1123 3752 1154 3810 et
1195 3747 1349 3809 dicentem
1364 3745 1403 3807 da
1416 3743 1553 3808 cbristo:
1570 3743 1753 3822 Quriddiois,
1768 3742 2063 3824 inquitmieiintro·

197 3896 198 3903 ἵ
298 3824 442 3887 concilio
454 3823 487 3885 e.
503 3831 562 3886 act.
580 3825 630 3890 ll.
652 3834 684 3889 et
702 3829 805 3892 Leone
825 3831 917 3910 epist.
944 3829 997 3892 83.
1026 3831 1070 3892 ad'
1092 3830 1152 3893 llo·
1197 3827 1278 3892 uerit
1295 3828 1333 3891 ln
1347 3829 1471 3890 coelem
1480 3827 1730 3908 norropporebo't
1743 3823 2063 3908 Deopoiubiptreeei

298 3907 396 3970 uach.
412 3905 542 3968 luteast.
557 3909 611 3977 ubl
623 3909 1033 3976 babemuslncaruatiooem
1047 3913 1155 3974 lectam
1198 3917 1228 3975 et
1241 3911 1355 3973 omnio
1369 3909 1494 3992 reputa
1508 3911 1707 3987 llaspondco:
1730 3910 1763 3970 ln
1783 3908 1886 3971 verbis
1908 3907 2065 3988 sequenti·

293 4003 448 4053 esseeex
458 3988 579 4053 duabus
593 3995 709 4056 naturis
722 3993 862 4056 indivisis
883 3994 1154 4073 inseparabiliter,
1197 3993 1257 4056 bus
1272 4007 1344 4056 esse
1356 3993 1550 4056 solutionem.
1567 3992 1700 4055 Intueris
1714 4037 1722 4063 ,
1738 3992 1858 4068 iuquit,
1876 3991 1947 4070 quia
1966 3991 2065 4052 caruis

297 4077 332 4136 et
346 4069 522 4149 iocooluse;
539 4088 613 4154 erpo
627 4074 679 4145 ubi
694 4091 755 4138 uua
768 4082 827 4152 est,
845 4076 936 4139 etiem
960 4077 1065 4139 altera:
1082 4077 1156 4139 alio·
1199 4081 1272 4140 sunt
1286 4075 1363 4137 baec
1376 4075 1478 4137 omnia
1491 4076 1506 4137 l
1520 4075 1633 4155 qulbus
1647 4074 1749 4137 verbis
1765 4072 2000 4153 chrysostomus
2012 4071 2066 4135 do·

294 4154 352 4235 qui
368 4153 523 4234 quomodo
538 4162 610 4220 sunt
620 4156 767 4222 indivisae
778 4164 810 4221 et
820 4159 922 4221 unitae
946 4158 1156 4238 inseperabili·
1202 4165 1261 4234 cet,
1279 4155 1430 4220 cbristum
1443 4158 1495 4237 qui
1508 4157 1631 4221 utDcus
1643 4157 1758 4237 ubique
1773 4161 1831 4232 est;
1845 4159 1945 4216 mmcd
1956 4169 2069 4218 secun·

301 4243 361 4309 ter,
378 4238 406 4298 si
421 4251 482 4298 uua
497 4246 545 4300 est
558 4239 592 4301 iu
606 4240 705 4315 coelo,
722 4241 855 4304 etaltera
871 4247 919 4303 est
943 4240 976 4302 in
1004 4241 1101 4303 torret
1120 4239 1158 4304 tlt
1203 4241 1276 4304 dum
1292 4255 1416 4302 curnem
1432 4241 1577 4304 debuisse
1592 4241 1705 4302 intrare
1720 4242 1751 4301 in
1767 4237 1910 4312 coelum,
1932 4243 1966 4298 ut
1976 4251 2068 4317 appa·

301 4317 502 4381 confirmatur
512 4321 622 4384 itemm
634 4337 671 4384 ex
682 4323 870 4387 Damascene
880 4323 1044 4403 lib.3.cap.
1057 4322 1088 4386 b.
1104 4323 1156 4402 qui
1202 4329 1269 4387 reat
1282 4322 1377 4386 vultui
1391 4321 1447 4386 Del
1463 4340 1516 4402 pro
1532 4323 1641 4395 nobis,
1665 4323 1736 4402 qula
1751 4320 1922 4384 secuudum
1942 4333 2068 4383 caruem

300 4415 367 4464 noo
378 4401 477 4464 solum
493 4402 578 4478 dicit,
593 4411 717 4468 naturas
731 4406 762 4466 in
774 4403 894 4468 cbristo
909 4406 1010 4468 uoltus
1025 4421 1095 4469 esse
1108 4407 1156 4468 io·
1199 4421 1265 4469 nou
1278 4409 1343 4468 erat
1356 4405 1388 4468 in
1403 4407 1492 4468 coelo
1503 4411 1667 4486 autequam
1682 4403 1874 4466 ascenderat.

303 4482 530 4562 separabiliter,
546 4487 601 4549 sed
613 4487 703 4549 etiam
718 4485 1156 4563 ddmedruemdestpndistao·
1242 4486 1385 4550 Secundo
1398 4489 1556 4566 proterunt
1568 4487 1713 4568 cyrillum
1725 4483 1849 4565 spreti.
1861 4481 2066 4564 adsumme:

299 4572 361 4643 ter3
376 4581 450 4646 ergo
463 4583 523 4629 una
538 4585 703 4649 numquam
724 4570 815 4632 distat
838 4572 876 4632 ab
896 4570 1004 4632 altera:
1018 4576 1058 4633 ‘at
1081 4585 1156 4650 quo·
1201 4569 1415 4642 lieimrdimt,
1436 4569 1545 4650 inquit,
1567 4571 1870 4651 propriamncorpme
1883 4567 2067 4631 aculense-

303 4647 398 4711 modo
412 4647 613 4727 noadistaot,
629 4652 655 4714 si
671 4669 732 4734 una
747 4667 810 4716 uon
832 4659 880 4715 est
904 4652 957 4715 ubi
975 4657 1023 4715 est
1046 4652 1158 4715 alterat
1201 4653 1295 4716 annio
1309 4652 1456 4716 bonone
1468 4649 1915 4718 troruccndtttremttb.teto
1930 4647 1978 4712 Jo.
1998 4665 2068 4729 oap.

300 4729 505 4805 Goudrmntur
517 4735 632 4809 ultimo,
650 4734 676 4797 si
692 4749 762 4797 caro
774 4734 885 4798 christi
897 4751 960 4796 oon
974 4740 1023 4797 est
1042 4735 1158 4815 ubique
1203 4735 1254 4799 32.
1270 4733 1428 4814 explicans
1442 4735 1481 4799 de
1496 4737 1631 4799 vestibus
1646 4733 1755 4800 christi
1771 4732 1802 4793 in
1817 4736 1946 4812 quatuor
1961 4737 2065 4810 parles

300 4829 374 4876 eum
396 4812 507 4890 Verbo,
519 4817 669 4895 sequitur.
681 4815 814 4880 Verbum
838 4817 951 4880 alicubi
976 4832 1047 4880 esse
1061 4818 1157 4879 borni·
1205 4817 1324 4894 divisis,
1341 4823 1373 4879 et
1386 4820 1486 4880 tunica
1502 4819 1631 4882 indivisa
1646 4819 1789 4880 manente
1803 4813 1887 4884 dicit,
1904 4812 1963 4875 lucc
1977 4811 2071 4894 sigui·

300 4911 386 4971 nem,
400 4895 512 4958 alicubi
526 4915 587 4961 nou
599 4914 670 4962 esse
682 4899 850 4973 bominem,
865 4900 948 4980 qood
963 4915 1038 4964 sane
1052 4900 1160 4964 obsur-
1204 4899 1319 4977 dcere,
1337 4898 1446 4964 Christi
1463 4917 1585 4965 caruem
1607 4897 1831 4978 impartibiliter
1850 4895 2070 4960 communicari

303 4979 467 5042 dissimum
482 4986 548 5043 est.·
673 4984 680 4997 ¹
914 5004 918 5010 ·
1205 4979 2072 5062 hominibusomnibus,ouisuotinqoutuormundipar·

344 5059 615 5140 Respondecrcum
626 5062 737 5128 (licitur
750 5064 783 5127 lu
797 5063 978 5129 dedntdono
1007 5080 1160 5146 personae
1205 5065 1299 5128 tibus:
1314 5065 1355 5128 ira
1367 5065 1530 5145 mnpulos,
1546 5066 1666 5146 inquit,
1687 5060 1883 5143 partibiliter
1907 5061 2070 5124 tremimus

308 5141 465 5206 individua
476 5145 655 5223 substantia,
671 5163 734 5210 non
745 5145 934 5229 significatur
958 5147 1027 5209 talis
1051 5147 1162 5210 indivt·
1204 5148 1407 5228 nntponitor,
1425 5152 1454 5210 et
1468 5149 1614 5210 onimcm
1629 5152 1725 5228 atque
1747 5157 1864 5228 coepes
1879 5157 1992 5204 corum
2009 5157 2070 5223 per

307 5226 369 5302 sio,
386 5231 418 5288 ut
431 5225 484 5290 ubi
496 5235 544 5290 est
558 5245 617 5289 uua
630 5245 700 5308 pars
711 5245 874 5308 personae,
890 5229 933 5292 ibi
948 5230 989 5292 sit
1006 5231 1112 5294 altera:
1128 5229 1160 5292 id
1206 5245 1339 5294 onmem
1358 5227 1690 5307 accommodationes,
1712 5225 1953 5306 impartibiliter
1974 5229 2073 5306 otqee

304 5309 391 5372 enlm
402 5313 484 5386 patet
498 5324 569 5372 esse
580 5309 702 5388 lalsum3
714 5328 785 5374 nam
799 5317 920 5375 nostrae
931 5326 1041 5375 manus
1062 5319 1093 5376 et
1105 5327 1159 5392 pe·
1206 5313 1330 5391 inteprc
1341 5313 1383 5376 a‘ra
1393 5310 1540 5374 omuibus
1555 5319 1694 5382 sederam
1703 5326 1790 5375 onam
1801 5307 1969 5392 ubipcosit
1980 5307 2073 5370 nullo

304 5391 377 5463 des,
389 5396 421 5452 ei
430 5391 702 5455 caeteramembra
716 5400 867 5473 occupant
880 5395 1000 5458 diversa
1014 5397 1104 5468 toea,
1129 5400 1161 5457 et
1208 5397 1310 5459 modo
1325 5394 1457 5460 dimus.
1471 5393 1556 5467 Quod
1573 5396 1654 5456 idem
1667 5396 1730 5456 tere
1744 5393 1853 5455 iisdem
1867 5391 1968 5454 verbis
1981 5390 2075 5456 babet

305 5479 410 5536 tomen
423 5489 514 5536 uuam
529 5490 690 5554 personam
706 5474 830 5541 iaciunt.
845 5476 964 5540 llicitur
986 5477 1078 5557 igitur
1091 5492 1162 5556 por·
1212 5477 1457 5556 'theophylactus
1470 5475 1500 5538 in
1516 5493 1585 5556 cap.
1603 5477 1653 5538 te.
1669 5475 1716 5538 lo.

307 5553 556 5619 souaiudiridua
578 5558 759 5634 substantia,
787 5559 857 5638 quia
873 5566 922 5622 est
940 5575 1037 5622 unum
1061 5557 1162 5623 subsi·
1251 5557 1445 5636 ttaspcudeo:
1469 5556 1614 5637 inprime
1637 5555 1810 5620 testimonio
1825 5560 1941 5618 tantum
1965 5557 2074 5620 asserit

305 5645 395 5701 siens
406 5639 611 5702 condivisum
623 5641 655 5702 iu
669 5655 705 5702 se
716 5640 747 5702 in
759 5642 875 5703 ratione
886 5641 1117 5714 subsistantiae,
1131 5645 1163 5703 et
1211 5637 1350 5719 Cvrlllus,
1368 5655 1479 5718 corpus
1495 5641 1684 5704 ltomluioum
1707 5638 1925 5709 transcendere
1945 5637 2074 5718 dignita·

308 5719 442 5784 divisum
453 5720 492 5784 ab
503 5724 649 5786 omnibus
664 5723 779 5787 aliiszet
790 5723 858 5785 tnbs
870 5729 918 5786 est
932 5722 1069 5788 cbristus
1079 5724 1163 5788 Deus
1211 5728 1242 5784 te
1257 5723 1356 5784 omnia
1371 5720 1515 5794 bumana,
1538 5723 1593 5785 scd
1609 5737 1669 5784 oon
1681 5721 1754 5784 inde
1768 5720 1908 5802 sequitur
1921 5733 1992 5784 esse
2007 5721 2075 5790 ubi·

310 5810 344 5868 et
354 5803 458 5866 bomo.
1212 5819 1285 5884 quo.
1302 5803 1363 5866 Sed
1378 5803 1520 5878 quoniam
1535 5805 1676 5867 Brentius
1690 5801 1786 5868 literis
1801 5803 1980 5887 majusculis
1995 5803 2072 5868 bueo

350 5885 396 5948 ld
411 5886 539 5965 primam
560 5892 591 5950 et
610 5887 777 5951 secuudum
796 5885 1058 5952 condrmationcm
1072 5887 1162 5952 dieo:
1211 5886 1304 5951 verba
1319 5883 1420 5966 Gynlli
1436 5883 1566 5963 imprimi
1582 5886 1705 5950 curavit.
1720 5893 1862 5965 tanquam
1873 5886 1900 5948 si
1912 5901 2073 5965 argumen-

308 5969 458 6032 uulonem
472 5969 724 6050 inseparabilem,
740 5977 771 6035 et
780 5969 976 6035 indistantam
989 5985 1051 6033 nou
1064 5970 1165 6051 requi·
1212 5974 1277 6032 tum
1291 5967 1456 6032 insolubile
1467 5967 1528 6032 illis
1539 5971 1643 6049 paucis
1653 5969 1753 6036 verbis
1764 5969 2073 6052 continereturppor·

308 6065 393 6131 rere,
408 6055 442 6116 ut
454 6067 549 6116 unum
562 6052 604 6116 sit
616 6055 803 6136 ubicumque
816 6052 969 6135 astaltud,
984 6053 1167 6144 sedtrntum
1213 6057 1255 6118 tet
1271 6049 1441 6118 accuratim
1463 6053 1662 6136 respondere.

463 6154 633 6221 Bellonam.
651 6159 710 6221 Vol.
729 6162 751 6222 l.
1863 6107 1908 6214 dl*
