4792 7009
964 1224 1114 1311 amna
1146 1211 1353 1362 annuus
1459 1343 1460 1350 .

500 1607 642 1786 uu
703 1594 1126 1790 nonani
1184 1601 1795 1782 unanimus

839 2024 1143 2102 httmshlhltt
1178 2020 1426 2102 sublatam

545 3163 665 3232 carus
685 3163 831 3232 ramur
1168 3169 1309 3246 peratum
1327 3163 1465 3246 regimen
1481 3179 1519 3230 ex
1532 3163 1601 3247 ipsa
1614 3171 1645 3230 et
1665 3163 1860 3241 dimocratia,
1885 3167 2032 3234 omnibus

1167 3249 1237 3314 aliis
1251 3248 1420 3330 anteponit:
1433 3247 1630 3334 deterrimam
1645 3249 1784 3314 omniurn
1806 3249 1871 3314 vult
1885 3267 1956 3316 esse
1965 3269 2034 3316 mn·

301 3333 501 3416 Proponitar
514 3334 674 3416 quaestio:
691 3331 862 3410 Quodnam
872 3333 915 3398 sit
927 3333 1085 3416 optinum
1169 3331 1339 3406 narchiom,
1351 3331 1531 3412 pracsertim
1544 3333 1570 3394 si
1586 3331 1619 3394 in
1631 3337 1693 3396 loto
1715 3333 1964 3410 abstenturum,
1980 3339 2033 3398 aut

599 3418 766 3497 reginen?
1169 3414 1348 3478 inecctesia
1368 3409 1511 3478 universa
1536 3414 1748 3478 constituatur.
1771 3415 1871 3480 Verba
1900 3418 1969 3498 ejus
1997 3434 2035 3481 ex

453 3521 456 3526 ·
945 3531 948 3535 ν
1168 3497 1226 3560 lib.
1238 3496 1379 3562 hlasein.
1396 3513 1464 3578 cap.
1476 3493 1533 3572 bi
1544 3497 1576 3560 9.
1592 3499 1670 3562 haec
1683 3505 1767 3562 sunl:
1798 3501 1913 3564 Verane
1927 3503 1969 3564 sit
1982 3517 2035 3564 so·

299 3583 422 3648 Nemini
437 3582 565 3648 dubium
577 3596 650 3646 essa
663 3586 777 3663 polest,
792 3581 869 3661 quin
890 3585 921 3646 et
940 3583 1075 3664 poluerit
1095 3586 1127 3645 et
1169 3596 1213 3646 oe
1233 3584 1271 3646 at
1283 3576 1533 3646 uoloothooum
1545 3583 1644 3662 moue
1657 3582 1762 3654 ouo,
1791 3581 1903 3648 orbem
1929 3587 2034 3646 tntrun

258 3667 396 3734 voluerit
409 3665 546 3731 Salvator
559 3669 666 3728 noster
679 3663 772 3728 iesus
792 3663 930 3728 Christus
954 3665 1127 3732 Ecclesiam
1167 3663 1365 3727 monarchia
1378 3663 1550 3740 contineri,
1564 3666 1652 3742 good
1666 3669 1711 3728 cst
1739 3671 1849 3730 tomen
1870 3665 2038 3730 acerrea-

255 3765 351 3814 suam
362 3765 399 3812 ea
409 3747 530 3812 ratione
544 3753 576 3812 et
585 3747 677 3810 modo
686 3747 925 3827 gubernarc‚qui
939 3747 980 3812 sit
989 3748 1128 3812 omniurn
1170 3748 1302 3820 umam,
1317 3745 1375 3810 secl
1388 3747 1437 3810 ito
1450 3747 1503 3822 sit:
1518 3759 1694 3828 aemonae
1722 3752 1832 3824 tamea
1858 3751 2039 3814 cometam

257 3833 402 3911 optimus
416 3829 1127 3912 'elulillssimusliresautemsuntlcrmaobo·
1169 3829 1328 3909 teipsum
1340 3827 1379 3891 ia
1391 3827 1555 3892 Ecclesiae
1581 3829 1819 3908 gubernatione
1847 3831 1967 3894 nubre.
1999 3832 2039 3896 Et

255 3929 319 3977 nae
338 3911 584 3996 gubernationis:
600 3913 789 3988 monarchia,
804 3912 897 3980 idest.
909 3912 1001 3976 unius
1014 3914 1128 3994 princi·
1174 3928 1243 3992 cap.
1258 3911 1311 3974 20.
1327 3909 1344 3984 i
1358 3909 1389 3974 8.
1402 3911 1564 3992 Equidem
1574 3911 1698 3976 siiase
1712 3915 1960 3978 considerentur
1975 3922 2038 3978 tres

257 4003 371 4076 patus,
387 3995 478 4078 cujus
490 3994 677 4060 contrarium
689 3995 796 4058 vitium
810 4000 858 4057 est
871 3993 1038 4076 Tprannis:
1062 3995 1127 4060 Ari·
1172 3991 1252 4058 line
1272 3993 1690 4074 poosporrantphilooophi
1701 3997 1873 4075 regiminis
1887 3997 2037 4074 terrane,

261 4077 425 4156 sincratio,
440 4077 523 4142 idest
535 4077 676 4158 regimen
686 4076 882 4158 0plimalum,
898 4077 949 4141 oui
963 4079 1131 4160 opponitur
1173 4076 1310 4140 alicime
1322 4077 1521 4156 negauerim,
1530 4077 1581 4142 uel
1594 4077 1848 4150 aristocrotinm,
1859 4080 1910 4142 oct
1920 4085 2038 4158 teutpe-

259 4161 459 4243 (lligarcbia,
473 4163 594 4237 hocesl‚
610 4159 701 4222 tactio
711 4177 879 4239 paucorum
895 4178 904 4221 :
933 4168 963 4224 et
975 4161 1130 4225 Dimnom·
1171 4165 1283 4224 rotam
1296 4176 1341 4222 ea:
1352 4160 1427 4238 ipso
1440 4169 1469 4222 et
1480 4160 1598 4238 politio
1610 4167 1731 4224 emtum
1746 4161 1788 4224 oh
1800 4163 1874 4226 otiis
1889 4161 2043 4228 maathica

260 4245 318 4320 tia,
332 4245 394 4308 hoc
409 4251 468 4317 est,
484 4244 592 4324 populi
603 4243 696 4308 totius
709 4243 884 4324 imperium,
899 4243 982 4324 quod
1002 4243 1034 4306 in
1047 4243 1129 4308 sedi·
1173 4242 1268 4322 longe
1280 4239 1449 4308 ecccttere.
1465 4241 1597 4322 Suhjlctt
1610 4245 1725 4308 deinde
1736 4249 1873 4308 rationes
1895 4246 1985 4322 duas:
2006 4264 2039 4306 u-

268 4325 375 4392 tiones
389 4342 452 4390 non
463 4342 533 4390 raro
544 4327 721 4408 degenerat.
1173 4342 1246 4386 num
1260 4325 1299 4388 ab
1314 4325 1503 4406 experientia
1514 4325 1650 4397 ductam,
1670 4327 1797 4390 alteram
1809 4328 1847 4390 ah
1862 4329 2042 4392 auctoritate

282 4411 285 4418 '
308 4409 431 4473 Ducant
443 4409 505 4472 hoc
519 4408 678 4488 principes
697 4405 971 4488 pbilosophorum,
994 4409 1078 4472 Plato
1100 4405 1133 4472 iin
1175 4401 1288 4470 divina:
1304 4405 1355 4480 lul,
1367 4407 1477 4485 inquit,
1495 4424 1570 4470 com
1584 4412 1807 4488 coeperitnento
1828 4411 1901 4491 ipso
1914 4423 2043 4490 semper

264 4491 407 4570 Politia,
421 4497 452 4555 ol
465 4489 712 4555 Aristoteleslih.
728 4489 759 4554 3.
776 4489 865 4554 Polil.
888 4508 955 4570 cap.
982 4491 1014 4556 5.
1030 4498 1062 4555 el
1074 4491 1133 4554 lib.
1173 4490 1238 4568 icit
1251 4489 1505 4570 comprobatam,
1522 4497 1592 4554 tant
1611 4507 1675 4555 ouo
1695 4509 1825 4573 qunque
1847 4495 2043 4557 oucwriiotc

261 4575 297 4639 8.
314 4574 610 4652 Ethio.cap.l0.nec
626 4573 695 4636 sinc
708 4589 817 4653 magna
828 4571 945 4638 ratione
959 4575 990 4637 id
1006 4575 1135 4638 docent.
1174 4566 1332 4636 Dominus
1347 4571 1559 4652 continuarit.
1573 4588 1649 4638 carn
1663 4577 1904 4640 aristocratiae:
1921 4623 1930 4654 ,
1957 4577 2043 4656 pnti-

262 4657 340 4720 llam
354 4657 382 4720 si
397 4657 560 4722 multitudo
581 4655 782 4738 gubernanda
803 4661 874 4728 est,
896 4655 964 4720 lieri
991 4673 1053 4720 non
1075 4673 1131 4736 pc·
1176 4657 1408 4732 tineoiciaom,
1431 4657 1524 4734 opat
1536 4657 1699 4720 lsroetitos
1713 4659 1866 4722 institnit.

264 4740 428 4820 test‚quin
445 4738 655 4818 aliquomodo
680 4754 718 4802 ex
731 4737 829 4801 trihus
845 4739 1057 4820 gubernetur:
1079 4744 1135 4803 aut
1218 4738 1278 4802 llos
1303 4754 1375 4802 nero
1396 4739 1428 4802 b.
1445 4737 1618 4816 Thomam,
1642 4742 1783 4819 aliosque
1808 4741 1971 4820 theologos
1994 4758 2043 4804 cn·

268 4822 355 4888 enim
371 4838 455 4886 unus
478 4821 674 4902 praello-ictor
686 4819 898 4899 reipublicae,
920 4829 972 4886 aut
985 4819 1079 4900 aliqui
1093 4823 1136 4883 de
1178 4821 1310 4884 thelicus
1324 4821 1460 4902 sequuti,
1477 4822 1624 4886 extribus
1639 4824 1835 4902 simplicibus
1860 4823 1966 4886 tarmis
1987 4842 2044 4905 gu·

266 4905 397 4982 mullis,
412 4906 607 4968 automnino
631 4918 751 4967 omnes.
776 4903 932 4979 sitinus,
959 4903 1137 4973 hierarchia
1177 4901 1370 4970 bernnlionis
1399 4905 1609 4968 monarchiam
1635 4908 1765 4970 caeteris
1797 4908 2043 4986 anteponimus,

268 4989 341 5052 erit:
357 4987 387 5050 si
401 4987 497 5068 abnui
511 4987 552 5051 de
565 4985 682 5066 mullis,
694 4985 902 5051 aristocratia:
927 4987 954 5050 si
975 5003 1085 5051 omnes
1099 5004 1135 5051 o-
1176 5003 1364 5067 quamquam
1371 4993 1495 5068 propter
1506 4989 1794 5052 naturaebumanao
1801 4989 2044 5069 corruptionem.

269 5070 391 5146 mnino,
414 5069 609 5134 Dimncratia.
1179 5069 1337 5133 utiliorem
1351 5085 1423 5132 esse
1437 5086 1604 5134 censemus
1626 5069 1804 5134 bominibus
1824 5073 1885 5134 boc
1908 5078 2046 5152 tempore

312 5153 506 5231 Quamquam
521 5158 626 5216 aulem
639 5157 702 5215 tres
713 5155 829 5216 tanturn
843 5152 906 5216 sint
924 5152 1039 5216 lormuc
1061 5152 1135 5215 sim·
1181 5151 1390 5216 monarchiam
1406 5157 1602 5230 temperatam
1624 5168 1661 5216 en
1685 5155 1874 5218 aristocratia
1899 5161 1930 5218 et
1950 5156 2046 5218 dimo-

269 5235 367 5317 plicis
381 5235 627 5316 gubernationis:
640 5239 771 5314 possunt
791 5240 893 5298 lamen
914 5234 995 5298 inler
1014 5251 1050 5298 se
1064 5236 1138 5298 illac
1182 5235 1288 5309 cratia,
1306 5251 1398 5316 quam
1408 5233 1582 5313 simplicem
1594 5237 1818 5300 monarchiam:
1836 5237 1928 5300 modo
1944 5243 2046 5300 tamen

269 5319 361 5400 quasi
375 5318 569 5397 permisceri,
583 5334 620 5381 cr
630 5333 691 5398 qua
705 5315 905 5396 permixtione
918 5324 1046 5398 quatuor
1056 5319 1136 5381 ntiae
1181 5319 1300 5396 primae
1315 5324 1417 5399 partes
1428 5317 1625 5382 monarchiae
1640 5320 1702 5382 sint
1718 5365 1726 5396 ,
1754 5319 1910 5382 secundas
1935 5319 2048 5382 habeat

272 5403 391 5479 formae
404 5400 490 5463 mixti
504 5399 665 5482 regiminis
685 5401 904 5479 producentur.
919 5399 1001 5475 Una,
1016 5407 1136 5479 tempe·
1182 5401 1382 5478 aristocratia,
1399 5407 1556 5481 postremo
1576 5399 1646 5464 loco
1668 5403 1709 5466 sil
1720 5401 1917 5466 dluocanta

272 5489 340 5549 rata
356 5499 395 5546 ex
409 5483 554 5546 omnibus
568 5482 680 5546 tribus:
696 5483 790 5545 altera
810 5498 848 5546 ex
872 5481 1047 5547 monarchia
1061 5491 1095 5546 et
1107 5501 1138 5550 a.-
1225 5483 1348 5558 lterum,
1362 5489 1398 5544 ut
1411 5482 1529 5546 lucilius
1542 5499 1593 5547 res
1606 5490 1666 5547 lota
1681 5483 1825 5564 explicari
1840 5488 1871 5546 el
1884 5499 2048 5563 argumen-

274 5565 460 5631 ristocralia:
476 5565 564 5630 lcrlin
580 5581 618 5629 ex
628 5563 805 5628 monarchia
826 5570 857 5628 et
869 5567 1045 5630 dimocrntia
1059 5585 1067 5626 :
1082 5581 1138 5644 pc·
1185 5561 1224 5626 lis
1235 5563 1409 5627 confirmari
1421 5566 1716 5644 possil,scntcntiam
1727 5567 1967 5630 nostramtribus
1978 5583 2049 5647 pro·

273 5657 390 5714 stremu
419 5664 458 5710 ea
484 5649 660 5712 dimocratia
684 5653 716 5711 el
739 5646 938 5712 aristocratia.
958 5647 1076 5723 Quibus
1096 5646 1140 5710 ita
1184 5645 1392 5723 positionibus
1407 5649 1660 5728 complectemur.
1686 5647 1786 5713 Prima
1803 5649 1992 5728 propositio:
2011 5665 2049 5713 ex

277 5730 465 5808 constitutis,
479 5731 577 5811 prima
587 5729 723 5794 nuscitur
730 5729 880 5808 quaestio,
890 5747 968 5810 quae
982 5731 1023 5796 sil
1036 5747 1074 5794 cx
1088 5745 1138 5793 se·
1185 5727 1292 5792 innuis
1304 5727 1497 5810 simplicibus
1510 5731 1773 5810 praestantissima
1794 5736 1843 5796 cst
1857 5733 2046 5798 monarchia.

278 5821 366 5896 ptem
379 5813 486 5878 termis
500 5813 731 5894 gubernationis
746 5811 880 5892 opimat
1186 5811 1340 5876 Secunda:
1356 5811 1495 5892 regimen
1510 5819 1714 5893 temperatum
1735 5829 1772 5878 cx
1787 5815 1932 5878 omnibus
1951 5816 2049 5878 tribus

320 5899 363 5960 ic
375 5897 512 5960 ioannes
526 5897 652 5972 quidem
674 5893 826 5969 Calvinus,
843 5901 876 5957 ut
889 5911 1000 5958 omnes
1011 5893 1140 5960 omnino
1185 5893 1432 5976 tormispropter
1446 5891 1598 5959 humanae
1610 5901 1736 5960 naturae
1748 5897 1977 5977 corruptionem
1990 5901 2051 5962 uti-

276 5978 343 6044 nias
357 5977 619 6062 obstrual,qulbas
640 5975 1140 6042 adecctesiaslicammonarcbiam
1185 5976 1248 6040 lius
1263 5983 1322 6056 est,
1338 5993 1429 6058 quana
1444 5977 1575 6057 simplex
1589 5979 1778 6046 monarchia.
1791 5977 1904 6044 Tertio:
1920 5981 2048 6045 circum·

278 6061 525 6126 constituendam
539 6061 722 6143 disputando
736 6060 889 6145 perreniri
910 6061 990 6126 solet
1005 6108 1016 6138 ,
1031 6061 1141 6125 aristo-
1187 6059 1308 6123 stanliis
1322 6058 1454 6124 seclusis
1469 6059 1600 6144 simplex
1625 6061 1802 6128 monarchia
1823 6061 2003 6144 simpliciter
2018 6069 2049 6126 et

283 6145 410 6210 cratium
425 6161 463 6211 ex
476 6145 581 6211 lormis
592 6141 795 6225 simplicibus:
809 6159 846 6208 ex
859 6143 961 6209 uniatis
972 6147 1139 6222 neretum·
1187 6141 1326 6210 absolute
1342 6141 1476 6209 excellit.
