4792 7009
411 670 446 729 ee
536 633 543 647 '
1106 664 1149 727 oe
1169 662 1277 727 aeneo
1295 664 1354 729 eea

341 816 375 865 se
400 803 541 867 uideatur
555 801 701 865 teleneus
723 798 778 863 tta.
796 798 826 863 e.
843 816 910 879 etp.
927 801 978 865 as.
995 802 1202 873 Tertullianus
1250 796 1358 870 tuisse,
1374 796 1431 861 saa
1444 800 1545 863 sotum
1561 804 1634 863 auae
1651 797 1781 878 aurnum
1796 801 1938 881 coepisse
1950 801 2052 867 'teeti
2067 802 2128 865 tin·

339 885 395 947 lib.
422 887 460 948 de
486 886 558 948 bala.
577 885 710 959 mulier„
737 890 768 946 et
783 882 925 947 Clemens
941 886 994 949 lib.
1013 887 1041 949 l.
1059 887 1201 955 stromat.
1249 896 1341 959 geom
1357 881 1534 945 hebraeam.
1550 880 1589 947 Ut
1603 881 1685 945 enim
1700 890 1786 944 reete
1803 884 1934 962 explieat
1947 885 2126 949 bannerius

254 962 263 980 '
340 966 450 1030 Dieunt
464 969 557 1037 eniru,
574 966 701 1029 Esdram
717 966 914 1031 recensuisse
926 976 955 1029 et
969 970 1155 1035 inustuurasse
1168 974 1203 1037 li·
1250 964 1280 1023 ΠΙ
1308 978 1378 1042 iil)-
1407 964 1456 1025 Η·
1484 964 1611 1033 Genese
1638 969 1708 1026 ³⁰¹⁰
1733 964 2125 1047 dili⁵l⁰¹¹⁰ffl¹5⁰iiuif¹¹¹¹b

338 1049 411 1112 bros
436 1067 544 1118 ouranos
559 1050 743 1112 Testamenti
771 1050 893 1111 ueteris:
921 1052 975 1111 sed
999 1054 1200 1129 perredderet,
1248 1043 1353 1125 lingua
1383 1046 1515 1109 hebraee
1542 1047 1714 1109 communis
1736 1054 1802 1109 etti
1823 1050 1969 1112 omnibus
1991 1051 2127 1113 bomini·

336 1135 531 1201 memoriter,
556 1150 613 1195 neo
636 1134 841 1195 meuaiuerent
853 1132 997 1194 historiae
1013 1135 1105 1206 illius,
1123 1155 1202 1217 quae
1249 1128 1320 1191 bus.
1337 1134 1367 1188 et
1383 1129 1453 1191 ideo
1470 1146 1532 1193 non
1548 1129 1681 1192 babebat
1692 1134 1808 1195 eertum
1822 1148 1947 1194 nomen:
1962 1137 1993 1194 et
2005 1141 2123 1211 tempo·

338 1215 467 1279 habetur
482 1218 512 1277 in
529 1214 583 1277 lib.
597 1215 626 1277 i.
644 1214 770 1277 Esdrae.
1248 1226 1282 1272 re
1297 1208 1410 1277 Heben.
1428 1229 1498 1275 oum
1514 1214 1627 1275 mattae
1643 1212 1766 1291 linguae
1782 1229 1852 1277 esse
1863 1215 2052 1294 coepissent,
2065 1218 2119 1279 illa

378 1296 413 1359 B.
430 1297 633 1378 Hieronymus
648 1303 678 1358 in
697 1300 814 1374 prutoy.
838 1294 953 1358 deleat.
971 1296 1056 1369 dicit,
1074 1298 1203 1365 Esdram
1249 1294 1422 1356 eommunis
1448 1296 1487 1357 ad
1512 1296 1739 1357 distinctionem
1755 1296 1883 1359 aliarum
1898 1298 1978 1359 dieta
1994 1304 2040 1359 est
2064 1300 2119 1361 be·

335 1380 493 1443 inuenisse
516 1396 609 1442 traaas
625 1381 728 1441 literas
744 1376 916 1448 tremulans:
935 1384 966 1443 et
979 1381 1119 1460 antiquas
1135 1386 1202 1464 quat·
1247 1374 1351 1449 osaea,
1379 1378 1448 1457 quta
1466 1378 1624 1441 maasiam
1640 1378 1858 1457 depellebat,
1886 1380 1971 1444 aede
1987 1379 2118 1444 Hebraei

335 1464 407 1525 dem
423 1462 585 1539 reliquisse
597 1462 801 1529 Samaritenis.
819 1478 912 1523 noras
924 1468 1026 1525 uelem
1039 1468 1202 1531 tradidisse
1247 1458 1321 1520 dliii
1336 1468 1417 1521 Silili·

335 1544 469 1615 iudaeis,
495 1546 606 1625 quibus
632 1545 720 1605 etiarm
743 1559 824 1605 uranu
839 1546 964 1606 utimur.
982 1545 1054 1607 Nam
1071 1554 1103 1611 et
1120 1550 1201 1613 idem
1289 1539 1364 1603 Ciam
1380 1542 1609 1621 igiterplnnum
1621 1542 1671 1618 sil,
1684 1542 1782 1606 libros
1795 1542 1908 1607 berinae
1920 1544 2033 1624 plenos
2047 1560 2120 1607 esse

337 1627 542 1708 Hieronymus
570 1629 599 1687 in
621 1644 690 1703 cayna.
706 1628 736 1687 o.
760 1626 873 1689 llxeeb.
892 1634 1027 1689 testatur.
1048 1632 1131 1693 litem
1149 1652 1202 1711 po.
1249 1624 1376 1688 aneibes
1392 1625 1569 1689 chaldaicis:
1588 1624 1683 1687 libros
1700 1633 1802 1687 autern
1818 1627 1897 1705 legis
1911 1633 1943 1689 et
1954 1627 2121 1707 propbeta·

338 1718 447 1773 suetae
474 1709 625 1788 utptaaoeu
654 1710 789 1771 beennon
816 1710 931 1788 antiqui
960 1711 1070 1775 sumitis
1096 1717 1201 1777 erate
1248 1721 1316 1767 rann
1332 1723 1408 1785 puro
1424 1707 1727 1770 bebraieoidiomete
1743 1708 1975 1789 scriptosess03
1992 1712 2119 1790 ptaoeoa

337 1793 514 1865 dueentem,
541 1798 571 1853 et
596 1791 722 1871 liguarum
748 1792 849 1853 arenis
875 1794 1038 1857 referebat.
1056 1797 1201 1871 neonium
1248 1790 1491 1868 (1¹¹0qtttttidttti
1517 1792 1622 1867 debet,
1645 1790 1724 1869 legis
1744 1798 1775 1856 ei
1789 1793 2009 1869 prophetarum
2024 1791 2121 1854 libres

336 1874 406 1937 ilaris
431 1874 510 1952 legis
536 1871 674 1936 cbristus
696 1872 859 1936 orueillxes
875 1882 932 1937 est:
951 1893 1033 1937 ultano
1048 1887 1201 1957 postrema
1246 1886 1309 1932 ooo
1334 1873 1372 1933 ab
1399 1871 1506 1945 esdra,
1525 1874 1581 1935 sed
1605 1890 1621 1933 u
1646 1873 1750 1954 ldoyse
1764 1874 2120 1955 etantiqeispropiretis

334 1957 421 2019 attere
435 1956 589 2035 niphanon
606 1956 720 2017 nuttam
736 1955 855 2019 ridetur
872 1957 986 2020 inuuere
1001 1964 1101 2023 eruets
1118 1965 1203 2025 staut-
1247 1958 1440 2035 conscriptos
1456 1972 1512 2017 nos
1528 1957 1654 2019 babere.

332 2040 506 2101 titudinem.
535 2038 665 2100 Proinde
687 2040 755 2101 sine
769 2039 863 2101 dubie
880 2056 972 2102 nouas
988 2041 1093 2105 literas
1109 2045 1202 2109 bebe-

332 2138 415 2185 anus.
442 2122 485 2183 lle
498 2124 574 2185 nora
590 2127 691 2183 autern
708 2121 856 2185 librorum
874 2130 1049 2186 senriorem
1066 2128 1202 2192 editione

332 2220 390 2284 per
414 2204 542 2267 Esdram
564 2202 641 2267 laeta
657 2205 733 2265 nrbil
748 2203 952 2285 Hieronymus
969 2206 1053 2283 dieii,
1073 2226 1142 2272 eum
1160 2220 1203 2275 tu·
1590 2190 1705 2265 CAPUT
1737 2201 1778 2264 ll.

332 2302 406 2351 men
420 2286 462 2349 ibi
479 2284 607 2349 maaiuue
623 2293 706 2349 esset
722 2287 808 2349 loeus
821 2288 955 2351 dieendi.

375 2368 527 2449 lienique,
554 2369 580 2431 si
597 2369 707 2430 Esdras
721 2368 815 2431 libros
830 2375 952 2433 sanetus
968 2370 1077 2435 iterum
1091 2374 1202 2439 diotus-
1370 2364 1454 2430 Nem
1476 2366 1630 2431 lwbiat'ta
1644 2367 1741 2430 θᾶίίῑθ
1763 2368 1805 2430 ii'l
1827 2374 1994 2448 comitile·

335 2458 394 2523 set,
412 2451 650 2522 verisimilem,
668 2467 739 2513 euna
755 2452 784 2513 id
801 2452 950 2513 laetorum
964 2453 1058 2517 luisse
1070 2473 1130 2519 non
1145 2459 1203 2519 lin·

335 2552 394 2613 gua
420 2534 573 2598 beurunes.
591 2534 645 2596 sea
662 2534 818 2606 cunamen,
836 2536 882 2597 vet
900 2536 989 2596 mnata
1005 2552 1042 2599 ιι
1057 2539 1201 2602 ιιιιιιιι
1292 2527 1438 2607 Sequitur
1451 2548 1533 2593 oeno
1545 2533 1638 2594 attera
1651 2531 1801 2609 quaestio,
1815 2532 1984 2613 internae,
1997 2550 2035 2595 en
2050 2549 2119 2595 cor·

336 2618 539 2687 elobeldaeu,
556 2631 634 2693 quee
650 2620 723 2678 leae
739 2615 848 2679 eratin
866 2627 1047 2699 memetque
1062 2622 1201 2685 ridemus
1248 2622 1335 2690 rupta
1369 2622 1399 2675 θῑ
1424 2613 1522 2675 iiliili
1550 2616 1590 2676 Sil
1616 2614 1759 2677 hebraici
1785 2616 1890 2677 edilio·
1916 2617 1957 2677 Ac
1982 2618 2118 2695 primulii

335 2702 465 2780 seriptos
481 2714 551 2761 esse
567 2698 662 2761 libros
677 2696 791 2766 lisdrae
821 2706 851 2765 et
865 2698 1013 2763 Danielis:
1039 2710 1069 2767 nt
1083 2712 1202 2769 ner-tuna
1247 2695 1392 2757 laeeretiei
1408 2699 1501 2772 bajus
1518 2698 1664 2775 temporie
1678 2697 1748 2762 adio
1761 2697 1904 2759 editionis
1916 2702 2062 2776 aalysiae
2074 2701 2117 2759 ni-

335 2789 392 2857 est‚
409 2788 532 2845 sanetas
548 2781 643 2843 libres
658 2788 780 2859 praeter
796 2780 871 2845 istos
887 2782 1001 2845 lisdrae
1017 2790 1047 2845 et
1063 2784 1201 2853 punieris
1248 2780 1342 2839 mium
1371 2780 1508 2842 tribuunt
1533 2778 1658 2841 editioni
1683 2781 1856 2842 hebraicae.
1874 2780 2016 2843 Galairms
2031 2783 2120 2843 enim

337 2864 441 2944 lingue
464 2863 607 2925 bebralee
633 2878 704 2925 esse
724 2865 868 2941 scriptas,
886 2872 916 2927 et
931 2866 979 2925 illa
997 2865 1074 2943 ipse,
1090 2887 1148 2949 qua
1165 2871 1202 2932 p.
1249 2864 1279 2921 ιιι
1307 2861 1408 2925 iatid.
1426 2879 1516 2925 noae.
1541 2864 1626 2936 trid,
1643 2878 1765 2927 oeeoan
1779 2864 1953 2927 ilemnitius
1968 2866 1999 2938 in
2014 2878 2121 2926 exem.

335 2947 404 3011 dam
419 2952 451 3009 ei
465 2946 523 3009 lira
554 2953 583 3007 et
600 2946 786 3024 patriureboe
798 2962 906 3011 omnes
920 2946 1013 3011 loouli
1026 2954 1202 3029 seut.Qeod
1247 2946 1390 3023 ejusdem
1404 2962 1508 3021 enne:
1525 2951 1556 3007 θῑ
1570 2944 1720 3023 Gemellis
1736 2948 1831 3023 ffiii⁰i
1847 2949 1972 3023 limisit·
1988 2946 2018 3009 5¹¹
2036 2946 2122 3025 9⁸³¹·

334 3030 494 3093 manileste
521 3028 674 3109 colligitur
695 3043 732 3091 ex
755 3028 913 3091 nominum
931 3033 1122 3109 propriarum
1138 3043 1202 3116 ery-
1249 3028 1353 3089 omnia
1369 3027 1547 3097 examinari,
1567 3034 1598 3090 et
1612 3028 1768 3091 emenderi
1782 3028 1935 3091 uolunted
1948 3029 2123 3091 hebraeum

334 3112 478 3193 analogia,
494 3127 574 3191 quae
590 3127 684 3191 saepe
699 3126 761 3175 nun
777 3112 931 3177 inuenitur
945 3113 977 3177 in
994 3114 1055 3183 etta
1070 3116 1128 3181 utta
1144 3118 1203 3179 ttu-
1248 3114 1374 3253 tea'yom
1394 3127 1486 3191 quern
1508 3110 1708 3191 purissimum
1729 3110 1843 3174 iontem
1867 3128 1931 3173 ooo
1952 3112 2061 3175 semel
2073 3129 2124 3193 ep·

356 3213 405 3261 on.
1247 3206 1287 3273 pe
1312 3197 1384 3253 ιιιιι..

334 3212 354 3337 ,Ι
374 3278 416 3343 ie
439 3281 475 3343 nt
495 3292 590 3357 pneea
606 3276 745 3355 exempla
761 3276 917 3344 dumellis
932 3279 1134 3355 pmlerames.
1151 3281 1204 3345 tit·
1289 3273 1373 3348 Quae
1387 3276 1540 3342 sententie
1556 3273 1750 3355 apertissimo
1765 3276 1840 3338 laiss
1855 3282 1915 3339 est.
1927 3274 1998 3339 Nem
2013 3277 2048 3337 in
2063 3281 2123 3357 pri·

332 3362 376 3424 xit
399 3361 496 3425 Adam
521 3359 560 3423 de
577 3374 669 3425 uxore
685 3376 738 3423 sea
756 3374 866 3425 recens
882 3370 992 3423 ereata:
1009 3362 1094 3427 lineo
1107 3380 1204 3429 aooo·
1250 3358 1312 3421 mis
1329 3354 1473 3425 Caluinus
1488 3359 1617 3421 institut.
1631 3374 1699 3437 etp·
1712 3357 1773 3438 bi
1794 3359 1843 3421 ll·
1859 3361 2034 3437 contendit,
2050 3376 2121 3423 esse

335 3442 421 3507 bitur
434 3444 558 3522 oirope
594 3440 739 3505 hebraice
752 3447 837 3513 remei
862 3444 943 3521 quio
956 3450 1087 3524 seovpto
1103 3452 1149 3509 eat
1162 3449 1204 3513 du
1252 3442 1416 3519 leyeodum
1431 3440 1791 3514 isaiaei.‚etuoeabeur
1803 3441 2012 3506 admirabilis
2028 3452 2122 3505 erent

334 3530 416 3599 piro,
441 3525 493 3603 uei
518 3524 549 3587 ia
575 3522 709 3587 hebraeo
733 3523 1024 3595 dieitareareeea.
1051 3528 1081 3593 ι.
1109 3530 1145 3593 dr
1171 3532 1204 3593 in
1248 3522 1404 3591 hebraeus
1419 3532 1519 3589 tentes
1535 3523 1627 3587 medo
1642 3540 1702 3592 non
1717 3524 1996 3599 tuaoeteoeotattee
2013 3528 2118 3598 idest.

336 3610 418 3671 nella
446 3608 502 3669 alia
528 3608 631 3686 linyea
651 3605 696 3669 air
709 3612 741 3672 et
755 3606 865 3671 melier
881 3608 994 3671 babent
1009 3610 1088 3673 bane
1105 3613 1204 3675 nomi·
1249 3608 1343 3696 impu
1357 3610 1412 3673 sed
1427 3607 1552 3673 nocebit-
1562 3610 1783 3694 tinp’meooe
1798 3608 1947 3686 iynoranit
1961 3606 2119 3683 Caluinus,

336 3693 383 3755 eis
410 3689 653 3754 similitudieem.
691 3688 762 3751 Nam
789 3688 944 3752 ebeldaina
977 3692 1093 3771 lingua.
1122 3710 1204 3773 uuae
1249 3694 1411 3755 meliorem
1428 3693 1487 3755 boo
1503 3692 1571 3753 lona
1582 3696 1732 3770 alligatam
1747 3692 1914 3752 editionem
1929 3706 2012 3764 esse,
2025 3708 2120 3770 quem

335 3773 499 3837 bebreieae
529 3777 576 3835 est
601 3770 721 3837 alilnis.
758 3771 803 3833 uir
827 3772 939 3835 dieitur
962 3764 1056 3862 ip),
1090 3779 1202 3841 mulier
1248 3774 1435 3838 hebraicam.
1466 3774 1517 3836 Sie
1542 3774 1692 3840 enimait:
1717 3771 1827 3852 Neque
1855 3774 2119 3851 esaqmdotate-

335 3864 465 3929 ammte<
490 3870 568 3935 quoe
593 3870 632 3917 oe
659 3870 749 3919 eoem
774 3856 899 3933 quidem
922 3858 1041 3921 literana
1065 3876 1204 3923 nomme·
1248 3862 1331 3919 trent
1355 3856 1487 3924 Judoei.
1514 3863 1544 3919 et
1564 3856 1984 3923 aieteeaioneminaertuee
1999 3856 2119 3920 tueeee

335 3954 407 4001 nem
434 3940 558 4001 nubent.
592 3936 660 4001 Peri
684 3940 802 4003 ratione
833 3955 942 4016 praeeo
966 3940 1111 4005 uenabula
1127 3940 1204 4023 ἀνὴρ
1247 3954 1370 4007 onmem
1392 3941 1482 4021 meod
1501 3942 1629 4005 uocabit
1642 3955 1717 4004 etim
1727 3938 1822 4005 Dotis.
1837 3938 1940 4015 fortis,
1955 3944 2055 4017 poter
2067 3941 2119 4016 so·

337 4026 498 4099 elymaei
513 4019 615 4094 latina,
630 4020 674 4082 nin
689 4027 719 4082 et
734 4020 856 4095 mulier,
874 4022 988 4083 nullam
1006 4026 1084 4087 inter
1099 4040 1134 4087 se
1148 4026 1204 4088 ba·
1248 4024 1509 4095 testemonium:
1522 4024 1653 4088 mem
1666 4022 1726 4085 boa
1737 4036 1843 4085 onom
1854 4019 1938 4083 otto
1951 4021 2119 4100 retiyaeurn

338 4102 411 4165 beni
426 4101 658 4167 sbuililedinem
675 4102 843 4171 literarum.
870 4104 929 4167 det
944 4105 1036 4185 igitur
1051 4123 1111 4169 ano
1127 4108 1204 4171 dixit
1247 4106 1384 4183 somam,
1411 4113 1447 4169 ιιι
1461 4107 1503 4167 sit
1516 4110 1668 4186 princepe
1680 4105 1787 4183 pacis:
1802 4119 1958 4183 quorsom
1971 4105 2066 4167 enim
2079 4112 2120 4167 tot

334 4188 426 4247 idam
443 4202 479 4249 ea
492 4185 596 4259 uerba,
613 4200 692 4265 quoe
706 4202 797 4264 sepre
810 4186 982 4263 posuimus,
995 4193 1026 4250 et
1037 4192 1202 4268 propbeta·
1248 4189 1388 4267 epibata
1401 4190 1439 4253 io
1453 4187 1555 4251 mona
1568 4191 1628 4253 boe
1641 4189 1712 4251 ioco
1723 4193 1875 4266 cooperto
1885 4188 2010 4263 forent?
2022 4186 2119 4264 igitar

335 4284 402 4331 rum
430 4268 559 4335 enirnius
580 4270 754 4335 mentietur:
771 4275 822 4333 aui
836 4267 984 4333 ieteemur
995 4287 1127 4336 neeesse
1142 4283 1201 4347 ost,
1250 4272 1448 4335 somessione
1463 4270 1589 4341 Caluini.
1607 4270 1748 4335 turbidus
1762 4268 1873 4331 alieubi
1886 4268 1953 4331 iluit
1968 4269 2022 4331 ille
2037 4272 2116 4335 iaus.

335 4368 372 4415 ee
397 4349 504 4433 linyeu
528 4350 647 4413 diuinos
672 4350 770 4413 libros
791 4352 923 4429 seriptos
938 4368 1020 4425 esse,
1037 4370 1095 4432 nea
1112 4356 1204 4431 primi
1250 4371 1345 4432 neem
1359 4354 1427 4432 ipse
1442 4355 1524 4415 idem
1540 4356 1655 4436 ubique
1670 4368 1781 4429 perum
1796 4352 1891 4414 rideri
1905 4351 2038 4415 nolebat.
2054 4352 2118 4413 Pari

334 4432 477 4497 homines
492 4432 666 4497 utebantur.
683 4432 799 4497 Similia
814 4440 886 4499 sent
901 4450 980 4512 neae
992 4436 1021 4495 in
1035 4435 1202 4516 Seripturis
1253 4438 1371 4501 ratione
1398 4437 1532 4500 lliereraa.
1548 4438 1600 4499 23.
1623 4436 1685 4498 ruit
1699 4436 1815 4497 ibidem
1830 4433 1971 4498 Caluinus
1986 4450 2061 4497 esse
2074 4436 2117 4495 le·

335 4514 479 4579 diruentur
504 4517 542 4579 de
562 4514 680 4579 ratione
703 4514 837 4581 nominis
863 4515 956 4591 enee,
984 4516 1075 4591 Cain,
1102 4520 1198 4597 Abel,
1247 4522 1395 4592 perreium.
1422 4527 1453 4581 et
1471 4516 2011 4597 tweestnomenquaouoeooeet.
2029 4533 2116 4588 eoae,

337 4596 428 4667 Sella,
452 4596 525 4673 doe,
552 4596 678 4677 reaten,
704 4598 868 4668 ebruino.
886 4598 981 4671 isaeo.
997 4600 1105 4665 ieaob.
1123 4609 1153 4664 et
1167 4620 1199 4663 ο-
1248 4600 1405 4667 Doureios:
1423 4603 1554 4685 joediio
1577 4608 1701 4666 metro.
1727 4599 1765 4661 tit
1779 4602 1848 4663 lens
1863 4600 2028 4663 hebraicus
2043 4616 2111 4661 oona·

335 4680 452 4743 mnium
468 4679 537 4759 ejus
552 4678 696 4757 tiliorum3
712 4695 833 4741 nenoon
850 4682 1010 4756 montium,
1026 4683 1202 4761 lleunioem,
1249 4691 1365 4749 stanter
1392 4689 1483 4751 babet
1502 4694 1612 4778 yxnpt
1638 4682 1765 4748 uocabit
1790 4698 1876 4756 eum,
1904 4698 1964 4745 oon
1990 4685 2115 4772 tntibp

335 4763 469 4837 urbium,
486 4763 675 4841 aliarumque
689 4764 851 4831 multorum
868 4780 981 4827 renero:
997 4766 1152 4845 siquidem
1169 4770 1202 4830 in
1249 4768 1412 4833 eoaoouot
1426 4784 1512 4833 ewra.

334 4845 479 4911 bebraioa
504 4846 607 4924 llnpua
634 4860 757 4925 semper
783 4846 952 4911 allusiones
966 4849 1039 4911 illoe
1053 4851 1201 4913 similium
1288 4850 1445 4915 Praeterea
1461 4850 1634 4931 perimet.
1648 4844 1992 4914 nemodbristiauorum
2003 4843 2112 4919 estuul

340 4944 452 4993 eonem
474 4927 682 5009 reperientem
707 4930 739 4993 iu
762 4929 892 4993 eaeteris
919 4930 1032 5011 linguis
1057 4938 1109 4995 aui
1124 4950 1201 4997 ιιιιιι-
1247 4948 1310 4995 eon
1336 4934 1427 5015 legat:
1445 4932 1612 4998 inderent
1624 4947 1744 4996 mones
1757 4946 1847 4993 meos
1862 4935 1891 4992 et
1902 4931 1998 5009 podes
2012 4942 2112 4990 meos:

336 5026 436 5090 eiiii,
453 5018 504 5075 eat
517 5026 597 5075 rere.
1248 5022 1348 5079 textus
1373 5034 1447 5080 uero
1472 5016 1608 5078 hebraici
1623 5016 1746 5093 legunt,
1761 5014 1845 5077 sient
1869 5012 1918 5076 ieo
1935 5008 2027 5087 1:82
2047 5024 2114 5072 ooo

375 5092 516 5171 Denique
543 5093 677 5171 linguam
704 5092 968 5175 hebroinumque
984 5112 1089 5160 saurus
1105 5097 1202 5161 titanos
1246 5100 1410 5178 feriemini,
1430 5099 1512 5177 pund
1527 5097 1638 5163 dieitur
1657 5096 1725 5176 pn>
1745 5097 1817 5158 item
1831 5094 1912 5175 psal.
1930 5092 1980 5155 tit.
1995 5092 2111 5154 bebrai·

336 5178 469 5255 seriptos
483 5190 554 5239 esse
569 5176 721 5247 uidemus,
744 5178 998 5256 antiquissimam,
1015 5185 1106 5259 atque
1122 5180 1201 5243 adeo
1248 5184 1275 5245 ei
1302 5184 1424 5247 eodiees
1445 5180 1616 5260 ingenulo
1629 5196 1757 5243 omaaern
1770 5185 1891 5241 terrem
1905 5175 2008 5241 eaeioit
2028 5179 2107 5260 ῦιΡ,

335 5259 463 5336 primun
490 5256 627 5323 omnium
654 5260 828 5339 linguarum
853 5275 923 5325 esse
946 5266 1081 5334 testatur,
1100 5270 1161 5327 tem
1179 5264 1203 5323 i·
1247 5266 1277 5329 id
1293 5276 1351 5333 est,
1369 5267 1469 5339 litteo,
1483 5265 1550 5329 siue
1561 5262 1834 5342 perpenderetur:
1847 5275 1972 5332 eorum,-
1987 5274 2053 5321 eura
2068 5266 2106 5314 tu·

335 5344 423 5418 psius
437 5341 568 5407 brevitas
584 5348 614 5405 ot
628 5342 889 5421 simplieitesdem
905 5343 1068 5405 aeoloriies
1090 5345 1202 5407 ‹luetis-
1249 5347 1562 5411 menbilx.aerterint
1573 5342 1709 5425 φθόγγος
1721 5343 1819 5405 ἀυτῶν
1834 5349 1865 5405 et
1879 5358 1986 5404 erarem
2000 5338 2107 5403 persio·

336 5424 485 5489 simenem
510 5424 680 5489 bemineru.
706 5426 778 5487 vide
793 5422 960 5491 Eusebium
978 5426 1031 5489 lib.
1049 5425 1098 5487 td.
1117 5442 1203 5503 paoe-
1248 5446 1319 5493 nom
1344 5429 1560 5509 approbaverit
1583 5429 1618 5491 b.
1644 5428 1754 5493 Paetus
1779 5427 1866 5489 Rem.
1885 5422 1935 5487 iil.
1963 5422 2106 5485 ebibens

335 5511 430 5583 parat.
459 5508 599 5587 erengel.
622 5524 690 5587 cap.
717 5507 747 5569 2.
776 5508 971 5571 Arararosium
988 5510 1101 5587 iosap.
1118 5508 1148 5569 3.
1165 5508 1206 5573 ad
1251 5512 1361 5591 psalm.
1388 5513 1470 5575 uitat.
1497 5511 1576 5584 Quid
1603 5511 1683 5590 quod
1708 5510 1910 5588 ilieronymus
1936 5507 1972 5567 nd
1997 5505 2109 5567 literam

335 5586 524 5666 ebitippaas.
550 5590 769 5672 Hieronymum
785 5594 814 5653 iu
830 5590 921 5669 epist.
939 5592 977 5653 ed
989 5591 1153 5655 Damasum
1164 5592 1204 5655 tle
1251 5595 1386 5658 reddidit
1398 5613 1434 5659 aa
1450 5594 1586 5657 bebreeo
1601 5594 1703 5657 eaeiait
1713 5607 1812 5655 sontes
1827 5592 1958 5653 eonem?
1973 5594 2007 5649 ιιι
2019 5587 2112 5649 omni·

333 5670 454 5735 iieieoe
479 5668 587 5749 iselae3
614 5672 813 5749 degustatum
841 5674 894 5735 lib.
913 5672 962 5735 lli.
990 5676 1028 5735 de
1044 5673 1131 5739 Civit.
1147 5674 1205 5739 liei
1254 5694 1293 5741 no
1311 5695 1441 5741 neeesse
1456 5678 1508 5752 sit,
1524 5685 1576 5741 aet
1591 5677 1718 5741 Paulum
1732 5682 1762 5736 et
1775 5673 1994 5750 Hieronymum
2009 5684 2112 5749 repre·

335 5768 409 5830 oap.
438 5753 486 5819 tt.
516 5753 617 5830 llequo
644 5756 694 5817 lais
719 5763 879 5837 repugnat,
907 5757 987 5836 quud
1014 5756 1205 5836 Augustinus
1250 5760 1401 5834 bendere,
1413 5768 1562 5824 aeteerte
1577 5760 1676 5832 lateri,
1689 5757 1803 5819 iontem
1815 5756 1875 5819 hue
1885 5756 2028 5839 looonoyr
2042 5767 2112 5815 esse

335 5836 392 5901 tib.
411 5834 460 5901 ii.
488 5836 525 5899 de
543 5833 629 5899 Cavit.
657 5836 712 5899 bei
729 5856 796 5915 unp.
813 5842 868 5905 eit.
897 5841 981 5903 droit.
999 5840 1134 5920 lingeuro
1151 5840 1205 5901 be·
1250 5844 1549 5921 puram.Verisimile
1564 5849 1665 5905 autem
1681 5846 1728 5903 esi
1742 5838 1802 5919 legi
1817 5838 1932 5901 debere
1946 5824 2060 5925 ώιρ,
2076 5854 2109 5895 u·

335 5918 461 5985 lanaeum
481 5920 632 5983 inuentam
647 5930 719 5997 pest
731 5928 867 6000 tempora
882 5923 953 5986 line.
971 5922 1037 5987 lieo
1049 5924 1130 5987 enitar
1146 5922 1206 5987 aiat·
1252 5943 1292 5989 ou
1305 5929 1387 5991 enim
1403 5929 1489 5991 litera
1504 5922 1786 5995 tantemadditem
1799 5925 1873 6012 unp
1885 5921 1918 5984 lit
1928 5914 2039 6008 obuy.
2051 5917 2112 5981 td·

339 6003 484 6083 sustines
511 6000 643 6067 iudieaue
671 6002 782 6083 ιιιιιιιι.ἰ
805 6008 870 6070 eam
887 6006 1022 6085 linguam
1037 6013 1123 6075 autea
1139 6022 1206 6073 noe
1251 6007 1303 6087 de,
1328 6010 1411 6090 qaod
1432 6008 1585 6076 interdum
1606 6008 1719 6073 deserat
1733 6006 1869 6085 ioteyree
1895 6002 2064 6070 :cumaeae
2080 6000 2113 6061 io
