4792 7009
882 985 1368 1123 PRAEFATIO

997 1355 1055 1438 IN
1084 1355 1262 1442 LIBROS

489 1695 635 1872 nu
715 1587 1103 1875 suum
1185 1697 1841 1886 ooouroroo-

904 2129 1325 2142 ——-——.......

817 2527 969 2602 rotome
991 2528 1034 2600 ru
1058 2522 1267 2601 ommrsro
1291 2526 1461 2602 semron
1565 2499 1585 2556 ⁸

973 2726 1045 2774 AMO
1059 2725 1115 2774 (111)-
1130 2726 1171 2774 to.
1186 2727 1285 2776 lxxvii
1394 2731 1395 2741 ¹

284 3296 456 3376 Antequam
471 3295 509 3359 ed
529 3294 768 3375 disputationem
790 3293 830 3358 de
847 3267 995 3357 Pontidce
1015 3290 1107 3356 llari·
1189 3291 1283 3360 Porro
1297 3293 1473 3372 aduersarii,
1485 3293 1567 3360 idest
1580 3341 1589 3374 ‚
1604 3295 1778 3376 haeretici,
1805 3313 1876 3364 cunr
1890 3299 1920 3364 in
1938 3301 2008 3368 aliis

243 3429 295 3478 mo
308 3413 638 3496 aggrediamur,panca
652 3411 803 3493 quaedam
817 3407 1039 3492 praemittenda
1054 3423 1107 3473 es·
1147 3409 1214 3474 lere
1228 3409 1421 3492 dogmatibus
1435 3425 1498 3476 non
1512 3411 1614 3478 miuus
1628 3411 1709 3478 inter
1720 3429 1766 3490 so,
1782 3431 1901 3495 quamn
1917 3417 2009 3480 nobis

245 3529 563 3596 secensni.1’rlmnm
578 3530 617 3594 de
631 3529 761 3593 utilitate
789 3534 821 3592 el
832 3526 1045 3610 magnitudine
1057 3525 1104 3590 in·
1149 3524 1341 3605 dissentient,
1357 3527 1390 3590 in
1404 3527 1464 3592 hoc
1475 3533 1575 3593 mmen
1587 3544 1695 3594 omnes
1709 3530 1903 3609 conueniunt,
1916 3536 1950 3594 ut
1963 3537 2007 3596 to·

243 3646 368 3710 stitulae
381 3645 609 3726 disputationis:
632 3643 747 3708 deiude
757 3644 797 3708 de
818 3642 858 3707 iis
879 3643 933 3723 qui
946 3659 1105 3707 romanum
1149 3641 1190 3706 tis
1204 3643 1525 3726 uiribus,summaque
1549 3645 1642 3710 animi
1670 3647 1866 3714 contentione
1893 3648 2011 3712 romani

242 3762 411 3842 primatum
425 3761 547 3842 scriptis
572 3760 661 3824 libris
689 3774 890 3841 oppugnare,
907 3760 955 3825 rel
975 3761 1066 3823 eliam
1087 3775 1106 3824 e
1148 3758 1303 3838 pontilicis
1316 3759 1422 3824 sedem
1437 3766 1626 3842 oppugnent,
1647 3762 1725 3827 nulli
1738 3763 2004 3846 lueruntnnquum

241 3881 399 3944 conuerte
413 3893 617 3958 propugnare,
640 3876 681 3939 ab
690 3877 816 3940 exordio
829 3876 986 3941 Ecclesiae
1006 3892 1106 3956 usqne
1149 3872 1256 3938 hostes
1271 3872 1382 3939 Christi
1396 3881 1486 3956 atque
1497 3875 1666 3954 Ecclesiae,
1688 3877 1742 3959 qui
1755 3878 1847 3944 simul
1861 3895 1932 3944 curn
1947 3879 2005 3944 hnc

242 3996 279 4058 ad
295 4000 551 4076 nosoetempora
564 3991 758 4058 studuerunt:
780 3998 935 4073 postremo
956 3993 996 4058 de
1016 3994 1105 4058 ratio·
1150 3993 1227 4058 sede
1241 3993 1358 4062 bellum
1371 4011 1433 4060 nou
1447 3994 1611 4078 gesserint.
1639 3993 1723 4071 Quae
1737 3995 1798 4060 duo
1819 3995 1894 4060 mihi
1907 3996 2003 4062 isaias

241 4127 282 4174 ne
294 4116 328 4174 et
348 4109 545 4190 ordineque
559 4123 707 4190 praesens
722 4107 1032 4189 controversia‚qnae
1052 4124 1107 4174 ne·
1148 4111 1296 4193 propheta
1308 4111 1399 4194 longe
1410 4118 1481 4178 ante
1491 4110 1661 4194 prouidisse
1672 4127 1707 4178 ac
1721 4111 1912 4192 praedixisse
1926 4111 2009 4178 vidc-

242 4231 383 4294 eessario
410 4227 590 4308 longissima
613 4228 713 4290 totlrra
736 4233 796 4302 est,
810 4227 934 4294 ononis
950 4226 1107 4291 nacmnda
1148 4235 1211 4294 tur.
1227 4229 1281 4294 liei
1295 4229 1420 4310 quidem
1433 4227 1678 4310 magnitudinem
1700 4234 1731 4294 et
1741 4227 1900 4294 utilitatem
1913 4274 1922 4305 ‚
1935 4247 2007 4296 eum

243 4350 335 4425 atque
351 4342 532 4424 explicanda
546 4343 597 4408 sit.
1151 4345 1210 4410 ait:
1226 4347 1307 4410 Ecce
1322 4361 1378 4426 epo
1390 4361 1515 4428 ponem
1526 4346 1565 4410 in
1577 4345 1798 4425 dmdomentin
1821 4346 1902 4413 Sion
1925 4349 2007 4430 lopi-

282 4463 321 4525 dt
333 4461 462 4544 quidem
474 4459 663 4542 quaestionis
688 4460 727 4525 de
740 4459 893 4541 pontltlce
909 4461 1103 4542 magnitudo,
1153 4464 1239 4538 dem,
1252 4463 1395 4543 lepidam
1405 4463 1588 4544 prolatum,
1601 4463 1805 4544 eupatorem,
1819 4465 2006 4543 pretiosum,

243 4587 334 4661 atque
349 4579 468 4644 utililas
478 4594 516 4643 es
529 4577 650 4642 duobus
677 4577 879 4658 potissimum·
893 4577 1082 4659 intelligetur
1094 4596 1103 4640 r
1148 4579 1188 4644 in
1196 4580 1410 4660 pcndmrento
1421 4579 1837 4659 {lucdotomflaeretlcorum
1851 4596 1924 4648 vcro
1938 4553 2011 4646 onn-

245 4715 281 4762 ex
295 4695 512 4779 magnitudine
526 4695 573 4760 rei
586 4695 625 4760 de
639 4711 698 4774 que
713 4695 822 4775 agitur,
838 4710 984 4776 quaeque
999 4694 1029 4758 in
1051 4694 1106 4760 du·
1150 4695 1320 4762 tentionem
1335 4702 1366 4762 et
1382 4697 1540 4778 impetum,
1555 4711 1624 4762 cum
1639 4694 1722 4760 huno
1735 4695 1837 4776 ipsum
1848 4696 1981 4778 lapidem
1998 4716 2007 4759 :

244 4816 331 4880 biom
345 4819 526 4884 reuocetur.
541 4816 573 4876 et
586 4811 829 4878 ermullitudine
853 4819 884 4877 et
909 4812 1106 4878 contentione
1150 4815 1308 4895 Lapidem
1322 4813 1519 4896 offensionis,
1536 4819 1566 4878 et
1575 4811 1864 4894 petromscortdoll
1879 4827 1946 4878 eene
1959 4811 2008 4876 di·

244 4931 502 4994 adversariorum.
526 4927 647 4993 lltenim
660 4927 701 4992 de
715 4945 773 5009 qua
793 4944 828 4994 re
838 4929 955 5011 agitur,
980 4945 1051 4993 cnm
1065 4928 1104 4994 de
1148 4931 1203 4994 cil.
1218 4929 1302 5006 Quae
1313 4929 1482 5012 posteriore
1496 4929 1586 4994 rerba
1600 4929 1657 4994 elsi
1669 4927 1708 4992 nn
1722 4927 1802 4992 isaia
1820 4943 1884 4993 non
1898 4925 2007 4993 eodem

242 5053 376 5128 primatu
391 5045 547 5128 pontilicis
559 5045 685 5127 agitur?
712 5044 895 5112 Brevissime
919 5046 1043 5119 dicem,
1065 5045 1105 5109 de
1147 5047 1216 5112 loco
1231 5046 1328 5127 posita
1344 5052 1426 5124 sunt,
1443 5061 1503 5126 quo
1518 5046 1617 5126 priora
1629 5043 1721 5128 (haec
1735 5043 1819 5110 cnim
1835 5061 1904 5126 cap.
1919 5042 2006 5107 iliila

242 5181 362 5230 summa
378 5163 427 5227 rei
440 5162 633 5227 ehdstiauee.
648 5162 684 5227 ld
703 5163 785 5226 enim
800 5162 965 5244 quaeritur,
981 5161 1104 5225 debeat·
1149 5179 1218 5244 cap.
1234 5162 1286 5228 28.
1302 5161 1496 5226 nominentur
1510 5161 1523 5245 )
1543 5167 1645 5227 tomen
1666 5161 1823 5242 apostolus
1837 5159 1947 5224 Paulus
1966 5159 2005 5223 ad

243 5297 283 5346 ne
296 5280 442 5346 lloclesia
452 5278 568 5344 diutius
582 5279 751 5344 consistere
764 5325 773 5356 ,
785 5297 824 5344 an
838 5295 911 5344 rere
926 5278 1052 5344 dissolri
1072 5284 1104 5344 et
1148 5277 1236 5342 Rom.
1249 5277 1281 5342 9.
1294 5283 1325 5343 el
1338 5277 1496 5360 apostolus
1516 5277 1623 5342 Petrus
1636 5276 1670 5342 in
1684 5277 1810 5358 epistole
1823 5275 1923 5358 priore
1933 5291 2003 5357 cap.

243 5399 424 5464 concidere.
441 5391 520 5472 Quid
531 5393 614 5461 enim
627 5394 710 5458 alind
725 5401 771 5458 est
787 5411 946 5477 quaerere,
962 5412 1001 5460 en
1013 5411 1102 5476 opor·
1149 5395 1181 5460 2.
1195 5395 1236 5460 ita
1251 5396 1442 5462 haec-omnia
1457 5396 1624 5477 prophetae
1637 5395 1729 5460 verba
1743 5393 1947 5472 copularunt,
1969 5396 2002 5456 ut

243 5519 351 5584 teatalr
364 5514 508 5583 aedilicio
521 5496 750 5580 fundamentum
768 5529 947 5592 remouere,
976 5531 1101 5598 agrege
1148 5511 1265 5576 nemini
1279 5511 1406 5577 dubium
1420 5527 1491 5578 esse
1502 5510 1688 5593 possit,quin
1699 5510 1736 5574 ad
1752 5505 1893 5572 eumdum
1907 5505 2001 5604 linem

243 5643 412 5718 pastorem,
441 5632 625 5699 abexereitu
638 5631 874 5712 imperatorem,
895 5632 994 5698 solem
1018 5632 1056 5696 ab
1070 5649 1100 5695 a·
1147 5627 1293 5708 idemque
1320 5630 1510 5710 propositum
1538 5628 1724 5694 referantur:
1758 5632 1789 5690 et
1816 5631 1999 5706 quemquem

243 5752 428 5833 stris,capnt
440 5753 458 5814 a
472 5763 611 5830 corpore,
623 5764 713 5828 qoam
727 5763 767 5812 an
780 5752 918 5828 oporteul
930 5747 1103 5812 aedilicium
1145 5743 1224 5809 haee
1238 5743 1329 5808 rerba
1342 5745 1374 5808 in
1390 5742 1541 5810 Christum
1562 5743 1725 5826 praecipue
1748 5741 1912 5808 convenire
1933 5755 1997 5806 non

244 5883 347 5946 ruere,
362 5881 492 5950 gregem
503 5853 973 5949 dissiparspexereilumlondi,
993 5863 1103 5947 sydera
1145 5858 1443 5943 ignoremus,endem
1453 5865 1554 5926 temen
1568 5859 1671 5942 inepte
1682 5857 1715 5924 in
1730 5855 1996 5924 Chrislirionrinm

246 5947 677 6065 obscuretoorprejeeerdl
1147 5979 1295 6060 medeare
1310 5995 1484 6046 censemus.
1819 6063 1876 6129 39,
