4792 7009
284 5712 336 5894 rt

422 674 476 735 tto
1020 670 1064 727 DE
1081 662 1220 728 ltottttto
1239 665 1417 731 remittes

351 826 465 887 scopus
490 806 728 880 rideturluissc,
752 820 842 887 quam
857 803 976 869 urendi
997 803 1208 883 etrcprclaen»
1255 799 1596 883 quidemrdosecundo
1607 798 2124 882 maldtuaauamattrsusptclor

349 894 443 967 dendi
464 908 617 955 romanam
632 888 813 954 Ecclesiam.
1254 902 1328 964 erpo
1342 898 1472 947 necesse
1487 890 1535 949 cst
1547 890 1657 959 tenere
1671 884 1815 961 primum.

392 974 509 1045 lertio,
540 976 609 1051 qula
638 988 700 1035 noa
728 974 845 1051 poterat
872 968 1037 1033 couci-lium
1066 967 1211 1033 damnare
1293 966 1339 1029 Ad
1354 968 1414 1029 boc
1427 971 1641 1039 oruamentum
1658 965 1744 1031 Nilus
1763 966 1953 1046 respondere
1973 972 2123 1037 cuaotm,

351 1052 522 1125 Honestum,
532 1062 674 1135 tanquam
689 1054 888 1121 haereticum.
904 1052 964 1113 nisi
980 1055 1129 1133 pugnaret
1139 1067 1209 1115 cum
1253 1051 1310 1113 scd
1324 1048 1445 1111 trustra:
1460 1048 1566 1121 Forte,
1581 1049 1692 1129 iuquit,
1707 1047 1831 1129 tauto
1851 1056 1958 1115 mauu
1982 1056 2031 1115 cat
2045 1066 2126 1115 cuns

354 1140 481 1219 epistole
497 1155 524 1201 s.
540 1137 724 1218 agathonis,
743 1136 1064 1210 immortiumsecum,
1078 1133 1212 1212 etploae
1254 1148 1303 1204 ca,
1319 1132 1408 1211 quad
1430 1133 1516 1195 ratio
1541 1132 1740 1213 puawiurtio
1763 1139 1842 1197 taric
1864 1132 1904 1213 id
1919 1133 2126 1214 posideum

352 1220 582 1285 coutmdictorla
597 1226 761 1283 assereret.
774 1217 846 1283 llam
860 1218 1060 1298 tgamopapu
1072 1216 1105 1278 iu
1116 1216 1208 1293 epist.
1254 1216 1338 1277 sicat
1350 1230 1447 1292 saepe
1459 1212 1505 1292 fit,
1520 1224 1558 1278 ut
1569 1217 1618 1279 ita
1629 1214 1792 1291 acribm
1817 1222 1887 1279 tum
1898 1218 1992 1297 qaod
2002 1232 2127 1280 reuera

355 1306 383 1367 l.
400 1306 437 1367 ad
455 1303 531 1381 imp.
547 1318 626 1381 quaa
642 1300 720 1365 lccla
735 1306 782 1363 cst
796 1300 827 1361 in
842 1300 910 1379 ipso
925 1300 1068 1373 concilio,
1084 1312 1165 1361 sess.
1177 1299 1209 1363 i.
1252 1298 1363 1362 roriru
1375 1297 1436 1360 illo
1449 1296 1594 1361 Ecclesia
1606 1314 1630 1359 a
1640 1314 1717 1370 ocra
1731 1297 1940 1363 coercuerit
1954 1298 2043 1363 llaec
2053 1299 2125 1361 ille.

353 1388 399 1449 sic
413 1386 465 1449 ait:
484 1386 569 1449 llaec
585 1391 629 1449 cst
642 1400 738 1447 acrae
753 1380 832 1461 pidet
853 1383 981 1461 reputa,
1007 1397 1108 1462 paura
1132 1388 1161 1445 ct
1173 1384 1212 1445 in
1294 1380 1332 1443 tlt
1344 1379 1516 1457 postulabat
1530 1380 1657 1461 quidem
1667 1380 1743 1444 ratio
1752 1382 1957 1461 quaestionis,
1970 1388 2005 1447 ut
2013 1382 2126 1445 desua

351 1470 525 1549 prosperis.
542 1467 777 1535 etinadocrsis
801 1466 954 1529 necuter
978 1464 1093 1536 tanai,
1114 1462 1211 1545 etiem
1255 1462 1444 1529 auctoritate:
1470 1469 1503 1526 et
1526 1478 1653 1525 suarum
1674 1463 1949 1541 praedecessomm
1973 1463 2127 1527 laudibus

353 1552 495 1630 defudit
509 1551 588 1613 lcocc
600 1549 779 1629 spiritualia
793 1550 1002 1625 materueotri
1013 1548 1212 1626 tranquilli&
1254 1543 1369 1623 aliquid
1384 1544 1639 1625 diceretbpatlro:
1660 1562 1736 1607 uum
1750 1546 1933 1625 postulabat,
1957 1553 1994 1609 ut
2017 1546 2126 1623 impo-

354 1635 430 1697 simi
443 1634 583 1712 imperii.
607 1632 784 1711 apostolica
810 1630 926 1695 diluisti
950 1630 1213 1711 Ecetranorum
1256 1626 1436 1691 drnusstmc
1450 1628 1652 1692 mentiretur?
1665 1626 1705 1689 Et
1718 1629 1868 1707 numquid
1893 1644 1955 1693 nau
1969 1635 2041 1692 erat
2065 1630 2124 1691 im·

352 1716 483 1797 pchci
496 1716 722 1793 omniparentis
736 1715 909 1793 mationa
922 1714 1213 1789 tramttcapostali·
1257 1708 1515 1789 pudentissimum
1542 1711 1762 1787 mendacium,
1791 1712 1875 1789 quod
1909 1711 1952 1775 ait
1977 1712 2124 1791 Agatho,

356 1816 413 1861 coc
424 1799 610 1865 traditionis
623 1814 807 1877 numquam
817 1794 1214 1877 armaepmoabnarnca
1257 1809 1365 1858 omncs
1379 1809 1454 1855 suas
1467 1793 1727 1871 praedecessores
1739 1808 1865 1873 semper
1883 1794 2055 1859 haereticis
2074 1809 2126 1857 ro·

356 1882 525 1947 haereticis
539 1880 737 1944 novitatibus
752 1881 932 1959 deprauata
945 1878 1131 1941 succubuit:
1144 1880 1212 1953 aed,
1258 1875 1375 1939 stitisse
1396 1876 1423 1939 si
1437 1874 1592 1939 llonodus
1615 1876 1673 1937 illa
1682 1876 1750 1955 ipsu
1763 1876 1896 1953 haeresi,
1916 1877 1959 1939 dc
1973 1895 2036 1957 qua
2050 1883 2129 1939 tuuc

354 1971 391 2027 ut
405 1964 445 2027 ab
460 1964 595 2026 ceordic
608 1962 686 2043 (idei
701 1962 903 2025 Christianae
922 1960 1064 2041 percepit
1089 1961 1134 2023 ab
1156 1978 1215 2025 au·
1257 1958 1449 2035 loquebatur,
1465 1958 1687 2021 cacuminatus
1701 1958 1813 2023 lucrati
1826 1959 1975 2024 llecsatis
1990 1964 2054 2032 est,
2079 1976 2128 2021 ra·

356 2046 495 2109 claribus
509 2048 586 2108 suis
612 2046 832 2125 apostolorum
861 2044 977 2109 Christi
997 2042 1214 2123 puncipibus.
1258 2039 1323 2104 rius
1336 2056 1456 2103 cerame
1470 2057 1626 2106 romanam
1640 2040 1824 2116 Ecclesiam,
1839 2047 1873 2105 ut
1887 2057 1956 2105 rere
1969 2042 2034 2105 dici
2051 2058 2126 2119 pos·

354 2128 481 2191 illibata
505 2126 569 2207 fiac
591 2134 682 2192 tutus
694 2133 876 2206 permanet,
904 2128 1086 2190 secuudum
1112 2128 1217 2206 ipsius
1259 2122 1311 2194 sit,
1328 2140 1492 2202 numquam
1507 2138 1640 2187 errasse·
1658 2122 2130 2189 Sbtltttdlumusuaclurotdlio·

355 2212 486 2274 Darniai
497 2210 673 2273 saluatoris
684 2210 832 2273 diunarn
841 2210 1108 2289 pollicitationem
1117 2226 1218 2289 qaam
1260 2205 1329 2284 qui,
1345 2206 1446 2284 iuquit
1458 2205 1554 2281 llilus,
1569 2205 1871 2285 usuumplicitcr,
1893 2223 1934 2270 ac
1945 2208 2021 2271 sinc
2034 2208 2131 2269 omiti

355 2310 491 2359 suarum
504 2294 740 2373 discipulorum
757 2292 1068 2371 principiinsacris
1082 2308 1218 2371 monpe-
1261 2288 1454 2367 ecccptionc
1479 2301 1593 2352 ouum
1618 2292 1698 2353 essu
1722 2288 1735 2367 i
1756 2290 1889 2353 mant
1909 2304 2132 2353 mmanoauat

358 2377 410 2439 liis
424 2378 511 2453 tatas
527 2374 800 2449 cst,Pctrc,Petrc,
812 2376 977 2455 inquiens,
992 2390 1061 2437 cccc
1076 2376 1218 2438 Seiam
1258 2369 1456 2450 pontificum
1467 2368 1619 2450 maore)
1639 2373 1804 2451 ammodo
1818 2372 1904 2441 illud
1916 2372 2045 2436 dicaam
2058 2388 2134 2435 can

358 2460 512 2537 capetiait
534 2474 608 2533 aas,
633 2464 670 2521 at
694 2457 851 2521 cribraret
873 2458 957 2521 sicut
980 2458 1133 2533 buticum,
1160 2472 1217 2537 epa
1261 2459 1370 2516 sterce
1388 2452 1501 2516 Omnes
1515 2454 1772 2527 decimamus,
1786 2455 2027 2533 acmeuracti
2040 2461 2132 2517 sunu
2192 2509 2193 2540 ,

358 2548 469 2604 autem
486 2542 599 2620 rapaci
611 2557 670 2620 pro
686 2545 727 2614 tc,
742 2546 780 2602 ut
792 2555 862 2603 non
875 2538 1005 2618 deficiat
1016 2538 1095 2619 {idea
1105 2548 1175 2613 aaa,
1189 2545 1220 2604 ct
1261 2552 1331 2599 uon
1343 2538 1454 2616 estqui
1464 2536 1585 2601 bonum
1596 2537 2134 2619 tacut,naaeetruqacadanaaar

358 2624 590 2701 tantiquaudo
616 2638 788 2687 concussu
814 2619 973 2700 confirmo
995 2621 1113 2701 iratres
1134 2628 1219 2686 tuas.
1302 2618 1464 2698 Egregium
1478 2634 1553 2683 saue
1567 2620 1728 2694 rationem,
1744 2623 1835 2699 amsi
1848 2619 1943 2683 llarid
1956 2618 2134 2695 desiderat

360 2706 545 2769 consideret
568 2707 679 2784 itaque
703 2714 808 2772 aestro
833 2705 1012 2785 tranquille
1037 2706 1218 2777 clementia,
1263 2715 1325 2764 acu
1340 2702 1380 2763 dc
1396 2701 1533 2765 naribus
1546 2702 1699 2781 loquatur.
1712 2700 1779 2765 llau
1792 2702 2132 2781 attpsatrnus.rtonest

379 2790 516 2851 uoniam
535 2787 692 2858 Dratinus
717 2793 746 2851 ct
773 2786 922 2851 Solantur
945 2788 1103 2864 anniam,
1127 2788 1221 2869 cuiae
1263 2784 1323 2865 ptri
1338 2782 1416 2881 bene
1430 2786 1562 2860 uertat,
1577 2785 1647 2856 sed,
1660 2784 1731 2847 dors
1742 2790 1791 2848 eat
1803 2786 1863 2865 ptri
1873 2784 2129 2863 [colubarium.

357 2807 437 2949 fides
452 2876 507 2936 cst.
524 2874 581 2950 qui
594 2869 691 2949 liderla
705 2870 792 2933 Petri
804 2886 874 2933 non
886 2870 1085 2949 desecemus
1096 2873 1220 2951 prorai-
1263 2867 1344 2931 llam
1356 2867 1467 2933 turbio
1480 2865 1674 2948 offendimus
1688 2883 1810 2938 onsncn
1824 2868 1867 2931 ait
1878 2866 2026 2938 lacobus.
2040 2868 2130 2929 Alio·

359 2954 412 3027 sit,
429 2951 621 3031 confirmare
636 2970 710 3019 curn
723 2954 839 3031 iratres
852 2968 927 3015 suas
939 2952 1120 3029 admonuit,
1133 2954 1223 3035 pirod
1265 2952 1317 3026 aui
1332 2995 1340 3020 ,
1356 2948 1383 3011 si
1398 2951 1437 3011 dc
1450 2949 1512 3013 ide
1525 2955 1688 3029 ageretur,
1711 2954 1868 3029 oporteret
1892 2949 1985 3015 etiam
1999 2950 2132 3013 Paulum
2192 2995 2193 3022 ,

361 3035 550 3114 apostolicas
568 3034 733 3114 pontifices
757 3051 849 3099 meac
873 3036 1062 3114 empostae
1084 3038 1222 3116 praede·
1264 3038 1295 3094 et
1307 3031 1502 3105 locauerunt
1514 3046 1624 3095 amnes
1638 3033 1794 3108 apostulus
1807 3046 1909 3097 errare
1923 3034 2127 3113 potuisse,et·

360 3134 497 3182 cessares
509 3118 618 3195 {cume
631 3134 767 3198 seraper,
784 3120 907 3183 cunctis
922 3124 966 3180 cst
979 3120 1138 3198 aprima.
1263 3116 1323 3177 iam
1339 3122 1409 3194 post
1421 3122 1582 3194 acceptum
1595 3113 1741 3193 Spiritum
1755 3121 1909 3180 sanctum.

401 3201 455 3263 llbi
473 3206 554 3269 nota,
567 3202 752 3281 egathomm
776 3218 839 3263 uon
863 3200 962 3263 solum
987 3202 1102 3273 dicere,
1128 3200 1222 3264 fldem
1306 3197 1407 3275 Pergit
1419 3197 1514 3272 dilus,
1529 3200 1637 3282 Passa
1648 3202 1679 3259 et
1691 3196 1940 3261 utaducrecte
1953 3198 2033 3272 dici,
2046 3197 2133 3277 Apa-

360 3283 393 3345 in
409 3284 484 3345 sede
498 3282 578 3345 Petri
594 3300 655 3346 non
671 3282 835 3358 deiecisse,
852 3298 910 3345 nec
926 3299 1018 3361 posse
1034 3282 1178 3357 dcilccre,
1192 3290 1223 3346 et
1266 3276 1394 3343 mutem
1406 3280 1639 3359 maurentio
1651 3278 1849 3359 tenporibus
1863 3295 1931 3345 ease
1944 3280 2131 3361 maumam,

360 3365 489 3443 proinde
504 3381 565 3427 non
582 3381 674 3445 possc
688 3364 864 3445 pontificem
877 3370 909 3428 ut
920 3364 1095 3443 pannucea
1107 3366 1223 3445 aliquid
1265 3365 1354 3443 quod
1366 3363 1483 3427 inillis
1496 3378 1637 3427 wacena
1648 3362 1876 3428 mumma
1888 3365 2132 3438 maroa

362 3456 466 3511 cantra
488 3445 579 3511 ildem
607 3448 795 3526 decernere;
822 3447 992 3511 sedetiam
1018 3462 1126 3513 amnes
1147 3465 1222 3511 suos
1265 3446 1627 3529 defuturis,puodeunt
1638 3460 1790 3525 ttnpuuns
1802 3446 2131 3526 martinensi

360 3532 630 3608 praedecessores.
646 3546 774 3608 auarum
795 3546 874 3593 unus
899 3536 947 3592 cst
961 3530 1126 3605 Honorius,
1142 3546 1223 3594 sem·
1265 3526 1340 3591 bile.
1355 3532 1389 3591 st
1402 3528 1567 3600 Honorius,
1583 3528 1665 3591 bauo
1679 3527 1755 3602 illle,
1775 3529 1808 3592 iu
1823 3527 1996 3606 praeteritis
2010 3535 2131 3607 tempo-

362 3628 419 3689 pcr
431 3614 581 3675 restitisse
597 3613 793 3688 haeresibus,
807 3620 836 3675 et
851 3612 1051 3675 confirmasse
1067 3613 1173 3676 iratres
1189 3614 1222 3677 iu
1265 3612 1352 3673 ribus
1367 3612 1475 3675 luerat:
1493 3611 1662 3689 praecessit
1675 3610 1761 3673 euim
1774 3611 1880 3673 multis
1892 3610 1983 3673 annu
1996 3611 2131 3689 Apama·

361 3710 431 3756 rere
447 3693 517 3755 lldc.
533 3694 571 3757 Et
584 3695 664 3756 intra
676 3742 683 3765 ,
697 3702 895 3775 posteaquam
908 3702 1137 3759 enumeraverat
1147 3696 1224 3776 dge-
1267 3710 1351 3771 nam,
1366 3702 1397 3757 ct
1410 3694 1523 3756 deinde
1537 3691 1652 3773 Agatho
1667 3707 1771 3755 uanae
1784 3693 1824 3757 de
1838 3692 1939 3757 lutura
1952 3693 2016 3768 ait,
2033 3693 2128 3757 lidus
2192 3713 2193 3772 l

361 3777 415 3839 tho
430 3778 602 3839 haereticas
616 3777 840 3851 monothelitas,
858 3776 978 3857 Cyrum,
992 3776 1142 3857 Sergium,
1153 3777 1223 3857 Pyr·
1266 3774 1390 3839 insede
1404 3776 1483 3841 Petri
1500 3792 1665 3854 numquam
1675 3775 1883 3839 deiecturum?
2192 3841 2193 3844 ,

360 3859 462 3931 rhum,
480 3859 615 3927 Paulum,
648 3860 765 3921 Petrum
793 3866 822 3921 ct
837 3860 1040 3935 Theodorum,
1068 3860 1119 3921 ait:
1142 3860 1224 3923 Eau'·
1307 3856 1399 3921 Addit
1412 3866 1566 3936 postremo
1580 3858 1665 3921 Nilus
1680 3875 1690 3918 ε
1708 3856 1795 3921 Certe
1808 3862 1885 3921 crete
1902 3858 1948 3921 tl.
1963 3860 2131 3941 synodum
2192 3847 2193 3870 ¹

360 3942 482 4004 arcada
493 3943 643 4020 proinde,
661 3958 699 4004 ac
713 3942 848 4005 summis
863 3941 1031 4008 effluimus
1052 3942 1226 4007 liberanda
1267 3957 1308 4003 ca
1319 3942 1439 4020 deauco
1451 3942 1653 4021 antemnae
1664 3947 1792 4004 catana
1803 3940 2001 4005 adbuc-sctis
2012 3956 2130 4021 capno

362 4029 407 4087 ast
420 4030 535 4086 sancta
547 4024 605 4087 Dei
619 4025 763 4087 Ecclesia
787 4026 827 4087 dc
847 4026 964 4087 talium
988 4025 1156 4090 doctorum
1176 4042 1225 4089 cr·
1266 4027 1412 4090 neratde
1425 4024 1541 4103 quibas
1559 4023 1605 4087 tt.
1621 4022 2041 4105 mambertiacum
2053 4040 2132 4103 prro

361 4106 501 4179 rombus
523 4112 561 4169 ut
581 4107 800 4185 cuortpclicaat
826 4115 922 4187 atquc
943 4109 1156 4187 apostoticam
1174 4124 1225 4172 or·
1267 4124 1330 4189 pac
1343 4109 1465 4171 minan
1484 4112 1563 4171 cosei
1577 4150 1587 4180 ,
1602 4107 1633 4169 a·
1643 4113 1759 4169 macta
1770 4103 1831 4169 etta
1842 4107 1989 4188 synodus
2002 4123 2046 4169 eo
2057 4124 2130 4185 pen

362 4188 527 4251 emanare
550 4188 629 4266 bidei
648 4190 885 4262 rectitudinem,
910 4206 997 4268 puae
1018 4192 1160 4270 lundata
1173 4196 1227 4255 esi
1267 4193 1440 4271 spcuuact,
1457 4204 1644 4269 quacum
1656 4189 1745 4262 salus
1757 4189 1983 4254 wnonsoiia
1997 4205 2131 4253 cerrum

362 4288 462 4351 super
474 4270 602 4349 firmam
612 4278 739 4351 petram
749 4272 847 4349 haias
862 4272 892 4335 b.
908 4272 995 4337 Petri
1008 4276 1227 4353 apostolarum
1265 4275 1432 4355 potuisset.
1447 4274 1530 4335 llaec
1543 4272 1608 4335 ille.

358 4355 518 4432 principis
527 4354 697 4421 Ecclesiae,
708 4371 793 4433 quae
803 4355 890 4432 ejus,
899 4357 1008 4435 pratia
1022 4363 1119 4437 atquc
1130 4372 1226 4436 prae·
1309 4356 1386 4420 etsi
1401 4356 1524 4430 ituestr
1539 4353 1650 4416 errant
1660 4353 1753 4433 igitur
1766 4351 1881 4433 Agatha
1894 4369 1934 4417 ex
1944 4354 2131 4435 ignoramu

362 4436 447 4499 sidia
463 4434 504 4497 ab
519 4438 608 4501 omni
633 4446 740 4499 errore
764 4436 891 4499 illibata
912 4446 1092 4519 permanet,
1121 4440 1228 4503 omnis
1268 4454 1411 4518 curcrpo
1425 4438 1487 4499 tola
1499 4436 1639 4517 sprrodus
1649 4435 1742 4499 actii.
1758 4442 1790 4498 et
1803 4435 1855 4499 lb.
1869 4434 1953 4499 illam
1967 4437 2132 4515 epistolam

361 4519 553 4595 massulam
576 4534 753 4593 nannents,
772 4520 861 4595 cleri,
889 4538 928 4583 ac
949 4522 1149 4600 populorum
1168 4538 1226 4585 no·
1269 4526 1430 4600 approbat,
1446 4526 1508 4583 uto
1523 4536 1550 4583 s.
1566 4519 1655 4583 Petro
1668 4516 1829 4597 scriptam,
1843 4517 1923 4593 Quid
1937 4520 2000 4581 lrac
2016 4526 2068 4581 est
2079 4520 2133 4580 all·

365 4600 487 4663 biscura
501 4599 691 4679 confiteatur
705 4618 744 4663 ac
758 4604 933 4680 praedicet.
955 4603 1038 4667 llaec
1059 4606 1186 4683 epistola
1208 4620 1224 4665 a
1269 4605 1323 4677 ud,
1340 4618 1431 4682 quam
1445 4603 1561 4678 dicere3
1571 4604 1683 4663 tanum
1696 4602 1849 4681 spauduru
1861 4606 1915 4663 aut
1927 4616 2067 4671 onorem
2083 4618 2134 4679 ap

367 4690 427 4744 totu
443 4684 573 4745 concillo
588 4684 711 4763 probata
728 4690 784 4759 est,
798 4690 858 4747 act.
871 4684 902 4747 8.
916 4692 947 4749 et
958 4704 1047 4766 quum
1059 4687 1091 4749 d.
1104 4688 1225 4750 Petrum
1268 4685 1430 4763 probasse,
1448 4691 1501 4749 aut
1513 4686 1611 4763 ipsam
1626 4698 1734 4747 secum
1749 4689 1855 4765 aperte
1868 4684 2089 4763 pugnassettlt
2102 4686 2135 4746 il·

365 4783 421 4845 per
435 4766 623 4843 Agathancm
638 4766 809 4845 loquuturn.
956 4826 960 4831 ,
1272 4769 1326 4831 lud
1340 4767 1476 4831 omittam
1491 4816 1500 4841 ‚
1515 4767 1593 4830 nulli
1613 4768 1739 4829 omuino
1759 4766 1871 4832 melius
1892 4767 2015 4846 copam
2036 4766 2134 4829 luisse

407 4848 513 4909 Extris
538 4866 611 4923 crgo
635 4848 683 4911 sic
707 4854 911 4929 orrmmcntor.
939 4848 971 4913 Si
996 4850 1148 4919 Honorius
1170 4850 1226 4913 luit
1273 4851 1398 4913 danorii
1413 4852 1566 4931 dogmata,
1583 4849 1711 4928 quami
1753 4849 1922 4924 taunucum
1935 4848 1990 4911 itta
2005 4850 2076 4926 ipsa
2086 4866 2134 4912 ca·

367 4930 541 5003 hoereticus
556 4930 762 5022 lllunnthclita,
781 4950 838 5013 qua
854 4931 954 4995 traete
974 4930 1090 5019 Agatho
1114 4934 1153 4997 dc
1168 4934 1226 4996 hoc
1272 4950 1345 4995 ussa
1367 4934 1405 4997 ab
1419 4932 1536 4997 laeuae
1556 4931 1607 4995 IV.
1624 4865 1808 5006 Tbeorffia,
1830 4930 1958 4993 blorduo
1977 4978 1986 5002 ,
2002 4933 2135 5009 aliisque

366 5012 432 5091 ipsa
462 5013 581 5075 haeresi
608 5014 768 5091 disputans
794 5014 925 5087 scribit,
955 5016 1073 5079 nullum
1101 5031 1227 5078 suorum
1273 5015 1566 5095 praedecessoribus
1578 5014 1745 5094 ligationis
1761 5058 1769 5088 ,
1786 5020 1817 5081 et
1829 5014 1956 5077 Hauorii
1968 5030 2135 5077 mooesso·

367 5094 639 5173 praedecessorum
657 5114 789 5177 unquam
802 5098 938 5161 errasse?¹
950 5105 980 5161 et
991 5114 1060 5165 cum
1070 5097 1229 5161 Ecclesiae
1273 5098 1360 5163 ribus
1375 5100 1500 5179 saepius
1514 5099 1680 5162 exenuuata
1694 5096 1814 5160 luisset.

366 5183 507 5240 caeterae
533 5178 687 5239 erroribus
712 5196 837 5242 sucrum
862 5181 1037 5259 praesidum
1062 5180 1229 5245 maculatae
1314 5180 1426 5254 Quarta
1440 5176 1869 5261 probatuccxepistllicolai
1883 5178 1921 5241 ad
1935 5177 2135 5243 mensenatis

367 5259 498 5335 tuerint,
525 5260 623 5323 solam
648 5276 803 5321 romanam
825 5264 1034 5339 permansisse
1059 5262 1229 5326 illibatam?
1272 5260 1415 5326 Nicotaus
1429 5266 1467 5327 dc
1482 5261 1827 5342 ramonispontillcibus
1841 5260 2134 5337 altfflaaeuimnec

365 5342 496 5415 lleiude,
513 5342 539 5404 si
555 5342 719 5405 concilium
734 5342 853 5417 latetur,
879 5344 1001 5407 Petrum
1028 5344 1226 5425 peragatur·
1272 5345 2135 5425 mnuusaltcraatunoraapertt'bsslt'tlfflwfflmffl

368 5442 440 5487 uem
467 5426 648 5503 loqrrutum,
675 5441 711 5486 ac
737 5424 873 5499 dixisse,
900 5442 1043 5491 ramanus
1067 5426 1230 5507 pontifices
1272 5430 1664 5508 aaaopieatr'baoscpcrc,
1681 5428 1924 5508 poententiam
1933 5435 2135 5491 caecatam.

368 5524 493 5586 sempor
507 5508 705 5569 confirmasse
720 5506 827 5569 iratres
842 5524 915 5571 suos
936 5508 1055 5585 iulide,
1079 5516 1110 5573 ct
1123 5510 1229 5575 harere·
1274 5508 1357 5573 llaec
1370 5511 1435 5575 illc.
1452 5514 1489 5577 st
1502 5512 1655 5591 quomodo
1670 5510 1730 5573 hac
1743 5526 1848 5572 rerum
1863 5515 1927 5581 est,
1943 5511 1970 5572 si
1985 5514 2019 5572 ln
2034 5510 2135 5589 publi

368 5590 454 5651 sibus
470 5606 636 5669 numquam
650 5590 865 5669 succubuisse,
890 5608 948 5672 qua
963 5594 1133 5656 temeritate
1146 5593 1230 5656 idem
1274 5607 1329 5668 cu,
1345 5595 1546 5660 celeberrimo
1563 5640 1571 5670 ,
1586 5593 1836 5674 [remmutissimo
1851 5592 1988 5672 peperoli
2003 5592 2137 5655 carumlio

371 5671 535 5733 concillum
552 5675 581 5733 in
599 5674 729 5752 singulis
744 5673 809 5735 lere
825 5674 996 5737 actionibus
1018 5676 1092 5739 dicit
1106 5677 1229 5739 anatbc·
1274 5676 1619 5755 saepiusaeclamatum
1646 5683 1695 5739 est
1720 5674 1857 5738 Eunaia
1880 5674 2040 5739 ὴεεῑοιῐοο
2066 5692 2139 5737 aaa·

371 5770 418 5829 ma
434 5754 567 5817 Honorio
584 5754 750 5833 borrellum
765 5754 844 5853 Erre
862 5773 992 5821 necesse
1008 5765 1066 5832 cst,
1088 5760 1137 5823 rel
1157 5774 1231 5823 cun·
1275 5759 1393 5821 tbcmrd
1464 5758 1468 5763 '
1902 5788 1905 5793 ’

373 5834 476 5897 cilium
492 5853 562 5901 csse
577 5836 728 5911 falsatum,
745 5838 793 5900 rel
811 5840 969 5919 epistolam
981 5840 1158 5922 Agathonis,
1181 5842 1231 5926 rel
1316 5841 1427 5914 Quinto
1446 5840 1616 5920 probatur.
1639 5840 1709 5921 quia
1722 5839 1771 5903 rel
1790 5854 1921 5904 naeeme
1942 5844 1992 5903 est
2003 5838 2136 5911 dicore,

372 5918 538 5981 concilium
553 5936 658 5983 socurn
675 5928 705 5982 ct
725 5936 796 5983 curn
817 5922 975 6003 Agathone
995 5941 1152 6005 pugnare:
1174 5923 1231 5989 scd
1275 5924 1439 5989 concilium
1454 5925 1525 5995 bac,
1541 5924 1594 5988 ubl
1607 5922 1776 5987 Euserium
1789 5925 1923 5992 damnat,
1938 5922 2138 6002 depravatam

372 6002 434 6063 lroc
448 6001 584 6065 ultimum
600 6019 692 6067 neam
708 6020 841 6082 uuquam
857 6006 999 6083 asseruit,
1023 6024 1063 6071 no
1084 6007 1230 6071 haeretici
1274 6006 1372 6071 luisse
1386 6008 1425 6073 ab
1438 6008 1571 6073 aemulis
1583 6052 1593 6085 ,
1607 6007 1657 6073 rel
1670 6012 1791 6087 oportet
1802 6021 1960 6083 assume,
1976 6007 2037 6070 boc
2050 6006 2137 6069 idam
