4792 7009
446 715 503 774 ast
1107 714 1153 774 ott
1171 711 1425 776 cuumltetttttc

415 847 593 912 tmnrostcs
606 847 663 915 tto.
678 847 709 912 3.
725 847 765 911 de
778 847 859 925 eid..
872 864 939 929 cnp.
955 847 986 912 3.
1007 848 1110 925 liber,
1127 848 1236 928 inquit,
1284 849 1387 912 nosct
1400 842 1562 910 minimum
1575 843 1769 924 octingentos
1787 841 1968 914 deruerunt,
1989 853 2069 921 quos
2081 849 2154 906 ccr-

376 939 434 1002 est,
450 932 531 1012 ocio
543 933 654 996 rocem
665 931 801 996 odmclo
812 933 947 995 nescivit
963 977 971 1003 ,
985 936 1183 1010 concaptus
1197 931 1238 995 od
1268 935 1325 1004 te,
1342 928 1514 993 stultissimi
1529 943 1646 1003 scmus,
1664 927 1691 990 si
1707 943 1780 990 non¹
1790 926 1896 1006 puceis
1921 923 2152 990 recentioribus

373 1014 506 1111 inieris:
520 1015 592 1080 stoc
607 1014 771 1091 cdc'cmrtc
783 1019 841 1088 eet,
854 1015 934 1110 pcto
947 1029 1054 1094 neque
1079 1030 1140 1094 per
1152 1029 1240 1112 oco·
1283 1010 1450 1078 haereticis
1465 1010 1715 1091 praetulerimus,

374 1097 983 1276 ilmtdddlil‘iiiiiidiiii?
1001 1096 1239 1251 titillet,
1378 1139 1384 1146 “
1496 1135 1503 1139 ·
1612 1137 1733 1238 oon
1748 1174 1810 1238 xv.

376 1263 682 1343 mysterrol’osolrae,
698 1279 767 1342 nep.
783 1261 814 1328 l.
830 1269 862 1325 et
886 1278 919 1324 m
933 1278 1001 1338 cap.
1018 1260 1069 1325 td.
1096 1262 1133 1324 nd
1148 1261 1237 1326 llom.
1482 1328 1488 1340 ,
2054 1279 2056 1284 ’

375 1354 489 1423 etcap.
503 1345 534 1410 l.
551 1347 589 1412 cd
599 1345 716 1425 dphcs.
1303 1348 1306 1354 ’
1363 1339 1523 1406 dlcristcm
1534 1341 1677 1424 proprie,
1696 1336 2081 1418 ccrctmodarrmdtece

416 1425 621 1508 Hieronymus
635 1429 667 1492 in
689 1443 756 1506 cup,
772 1426 803 1492 l.
819 1424 856 1488 ad
871 1424 987 1504 Epiros.
1002 1423 1164 1502 interiore
1178 1429 1242 1488 ter·
1634 1423 1679 1487 nd
1693 1422 1825 1503 interos.
1892 1443 1894 1448 ’

375 1525 447 1581 rete,
462 1509 734 1588 inquisissemus
749 1508 1072 1587 occipitcrmdqcem
1084 1507 1240 1572 Dominus
1288 1563 1289 1568 ,
1467 1561 1469 1566 ,
1603 1557 1605 1565 ,
1795 1547 1798 1554 .
1849 1529 1881 1560 v.

377 1596 487 1660 noster
501 1591 710 1671 Solcctorqce
724 1591 899 1665 descendit,
910 1595 948 1654 ct
963 1589 1158 1655 Sanctorum
1168 1592 1240 1654 orci·
1330 1583 1461 1661 Quartus
1473 1603 1559 1651 error
1574 1591 1622 1652 ost
1633 1584 1765 1649 Ducendi
1781 1585 1812 1648 in
1823 1585 1859 1648 d.
1875 1583 1906 1648 d.
1923 1582 1985 1656 2²,
2001 1599 2034 1664 q.
2050 1582 2082 1648 3.
2097 1583 2154 1648 ubi

377 1690 462 1746 mos,
473 1690 557 1755 occe
567 1675 614 1745 ili
624 1673 815 1738 terwdomcr
827 1673 1101 1745 inclinassemus
1112 1674 1157 1743 od
1171 1688 1240 1736 coe·
1286 1667 1388 1743 docet,
1405 1668 1516 1734 Christi
1531 1669 1662 1734 ammam
1677 1668 1929 1732 descendissem
1946 1665 2072 1740 iuleros,
2089 1683 2154 1730 non

377 1757 426 1820 los
439 1758 540 1822 vietor
554 1757 737 1823 cddcceret.
750 1755 867 1821 similia
893 1756 1065 1822 clarissime
1087 1755 1193 1818 dcccit
1207 1758 1240 1820 ic
1286 1751 1457 1820 secundum
1472 1752 1672 1826 substantiam
1685 1750 1844 1824 scamsed
1856 1765 1910 1830 per
1921 1747 2156 1830 edecrcsqcos·

381 1837 411 1908 3.
424 1855 493 1920 cap.
510 1838 637 1904 metm
651 1840 683 1902 in
697 1838 832 1904 edam.
1288 1841 1368 1908 dam,
1399 1836 1469 1913 outa
1485 1837 1628 1899 nimirum
1643 1832 1826 1898 beatificavit
1840 1840 1871 1896 ot
1887 1830 2068 1894 illuminavit
2081 1847 2158 1895 son·

421 1920 559 1990 sumnus
572 1922 606 1984 iu
621 1922 764 1998 orpttcnt,
780 1918 887 2000 symb.
902 1920 949 1984 sic
963 1919 1097 1997 toccttcr
1112 1937 1121 1982 r
1139 1919 1203 1984 Sed
1215 1927 1243 1984 ct
1288 1923 1354 1984 etos
1369 1917 1484 1991 Patres,
1511 1919 1564 1998 qui
1580 1924 1667 1982 erant
1680 1918 1712 1980 in
1737 1917 1852 1997 lymbo.
1873 1915 1945 1978 'lule
1968 1913 2088 1996 aliquid
2113 1917 2153 1980 de

380 2002 524 2068 lenones
539 2005 685 2079 olomuc
696 2019 728 2066 ee
741 2004 799 2082 qci
810 2007 966 2067 cectcmce
981 2003 1245 2080 eslinioferncm
1290 2000 1477 2078 proiectione
1492 1998 1602 2064 Christi
1629 2001 1665 2062 cd
1681 2001 1798 2062 animas
1818 2002 1992 2060 sanctorum
2006 1996 2129 2061 latrum
2145 2039 2155 2071 ,

292 2155 296 2161 .
381 2085 576 2166 mmdcdtc)
592 2086 752 2153 contium
766 2085 1170 2164 emopectomcsllitiotra:
1186 2087 1243 2150 lte·
1289 2095 1345 2161 pet
1358 2081 1535 2153 efficacium,
1553 2099 1613 2146 non
1626 2099 1681 2161 per
1695 2080 1981 2145 essentinmdunatt
1995 2077 2154 2157 delricus,

382 2169 444 2233 deit
454 2184 529 2248 erpo
545 2170 644 2234 pictor
660 2185 682 2230 n
694 2167 829 2232 mortuis
843 2214 851 2243 ,
867 2168 991 2245 interni
1003 2168 1110 2245 spolio
1135 2183 1246 2232 socom
1288 2171 1323 2230 ot
1336 2165 1495 2244 superiore
1511 2164 1709 2228 distinctione
1725 2165 1890 2230 indicatum
1906 2167 1964 2225 ost.

383 2250 648 2321 commederit
663 2251 750 2317 enim
760 2265 813 2316 eos
827 2250 885 2329 cci
897 2249 1090 2314 tenebantur
1100 2255 1244 2314 omorio.
1329 2245 1391 2310 Sed
1406 2248 1533 2314 multum
1549 2249 1675 2314 interest
1689 2242 2068 2311 tuterdctrtctctttcrendi
2082 2259 2156 2308 sen·

386 2382 390 2389 .
424 2334 612 2412 Augustinus
627 2334 717 2412 epist.
731 2332 783 2397 dt,
799 2333 838 2394 cd
852 2332 942 2398 tterd.
958 2339 1078 2410 quaest.
1095 2333 1243 2415 ideone,
1292 2331 1429 2392 tentiam.
1446 2329 1557 2405 Primo,
1574 2329 1714 2393 Caluinus
1731 2346 1793 2392 con
1808 2335 1894 2391 vocat
1909 2328 2156 2390 condescende·

383 2414 575 2496 inquiccpeo
587 2417 641 2480 dte
653 2415 788 2480 dococto
802 2414 931 2492 licturus
956 2419 1027 2480 crot
1049 2414 1142 2481 immo
1159 2415 1246 2482 dicri-
1290 2427 1326 2478 re
1341 2411 1387 2478 od
1398 2411 1530 2491 soteres,
1547 2413 1602 2475 sed
1621 2411 1812 2492 nuptialium
1829 2412 2016 2474 descensum
2032 2425 2089 2488 per
2104 2410 2156 2474 do·

383 2504 450 2562 scm
462 2497 564 2571 lesus,
575 2499 682 2561 sedin
692 2499 823 2576 interito
837 2498 1019 2566 secondum
1033 2498 1247 2572 animemed
1293 2494 1375 2560 tores
1390 2495 1500 2558 interni
1515 2513 1531 2557 a
1547 2493 1667 2558 Christo
1687 2495 1850 2558 toleratos:
1867 2492 2028 2560 curandus
2054 2498 2156 2556 autem

384 2579 553 2660 sepclclcro
566 2579 1251 2661 acremsecccdcmccroemdlptsceepcm
1296 2577 1371 2650 cult,
1388 2577 1447 2640 icoo
1461 2579 1553 2643 modo
1566 2577 1718 2642 Christum
1733 2576 1935 2640 descendisse
1959 2576 1998 2638 ad
2021 2573 2159 2650 interos,

385 2677 460 2742 croc
480 2663 548 2728 cisi
565 2661 707 2740 infidelis
720 2664 887 2742 oepccertt
908 2663 1008 2742 petere
1027 2663 1250 2741 cpudinreros
1296 2657 1452 2733 Secundo,
1469 2658 1611 2724 calvinus
1624 2667 1714 2738 neget
1736 2659 1849 2722 interos
1864 2659 1979 2732 rentes,
1998 2665 2027 2720 at
2042 2658 2161 2738 praeci·

385 2743 612 2824 Glcrietumlllt
626 2762 666 2810 ne
693 2760 749 2825 per
774 2744 889 2808 interos
914 2745 1121 2825 intelligamus
1147 2745 1251 2826 sepul·
1296 2757 1356 2823 pue
1382 2741 1518 2822 lumbum
1532 2741 1669 2806 Petrum:
1693 2741 1854 2806 Durnrrdus
1880 2740 1994 2804 ibidem
2019 2741 2161 2820 agnoscit

388 2826 509 2904 curum,
528 2827 688 2908 subjungit
702 2828 791 2894 iolrn.
810 2826 1003 2898 ¹Secundum
1016 2828 1254 2902 omccommme
1297 2833 1459 2904 utrumque
1484 2825 1599 2890 locam.
1626 2825 1747 2900 lertio,
1775 2824 1916 2888 delricus
1940 2823 2021 2888 locet
2043 2822 2162 2888 unimus

384 2909 485 2988 scisso
499 2911 592 2988 cpcd
604 2909 748 2989 inferos,
774 2917 882 2988 operte
898 2910 1069 2990 Scriptcrc
1094 2911 1251 2977 dectorct,
1298 2910 1477 2974 Sanctorum
1502 2910 1533 2970 iu
1549 2907 1647 2982 coelo,
1660 2909 1751 2970 etiarn
1766 2916 1835 2970 cute
1851 2905 1960 2972 Christi
1981 2904 2159 2969 adrentum

390 2991 491 3060 ornei.
507 2991 559 3066 ts,
574 2994 606 3062 ic
621 2992 668 3062 ln.
686 2989 763 3068 Quis
775 3008 846 3057 oon
859 3000 905 3058 ost
918 2993 1090 3060 derelictus
1100 2995 1138 3056 io
1150 2994 1250 3074 inser·
1298 2989 1458 3054 ltcrcndcs
1473 2989 1558 3062 dicit,
1581 3005 1634 3052 ens
1650 2991 1746 3053 luisse
1761 2992 1792 3054 io
1813 2989 1931 3070 lymbo.
1947 2987 2071 3066 Quarta,
2097 2987 2161 3052 dal·

390 3076 455 3152 poi
470 3075 609 3138 domem
623 3075 726 3148 Jeecs,
736 3076 795 3138 sed
807 3076 847 3138 to
859 3076 977 3140 ocimo
995 3075 1077 3140 solo.
1105 3073 1181 3154 Quis
1205 3081 1254 3140 rel
1299 3073 1388 3138 rinus
1402 3078 1504 3153 necet,
1519 3072 1636 3136 animes
1651 3073 1831 3138 sannionum
1844 3090 1861 3134 a
1876 3071 1996 3138 Christo
2007 3069 2161 3134 beccum·

391 3163 597 3224 mcrrcctcrus
612 3159 721 3240 triduo
735 3158 844 3236 jocclt
862 3159 900 3224 io
912 3159 1100 3237 cepclclcro?
1116 3158 1255 3224 domme
1299 3163 1357 3218 tes:
1374 3155 1533 3218 tlcrandcs
1548 3155 1700 3219 coneedit.
1717 3155 1827 3229 Quinto
1843 3201 1851 3228 ,
1876 3152 2017 3219 ddecus
2031 3159 2160 3217 senmo-

393 3239 498 3315 Jesce,
518 3241 576 3306 sod
589 3242 736 3304 income
749 3241 832 3304 solo.
847 3239 923 3304 lide
948 3240 1038 3307 etiam
1062 3243 1117 3306 lin.
1142 3241 1192 3306 ll.
1216 3243 1256 3306 de
1301 3239 1373 3304 tiam
1389 3254 1475 3301 suem
1490 3239 1636 3302 uultesse
1660 3239 1874 3306 certissimum:
1899 3236 2061 3301 lluroudus
2086 3251 2159 3300 rero

393 3321 482 3388 llicit,
498 3322 565 3398 Dei,
580 3339 647 3402 cap,
665 3323 715 3388 ii.
731 3330 762 3384 el
776 3321 1058 3402 lib..20.oap.li.et
1071 3325 1101 3386 in
1118 3323 1254 3402 psalssi.
1302 3321 1397 3388 dicit,
1420 3335 1481 3384 noc
1502 3333 1572 3384 csse
1595 3322 1789 3400 pertinaciter
1812 3319 2033 3390 asserendum,
2051 3316 2162 3382 curisti

434 3404 495 3470 loc
510 3405 607 3470 serm,
624 3406 654 3470 t.
671 3405 709 3467 de
725 3405 848 3473 Resnrr.
867 3406 1193 3483 condescensorie,
1212 3409 1256 3468 in·
1304 3404 1437 3470 animum
1453 3402 1729 3468 condescendisse
1749 3404 1920 3469 secundum
1941 3401 2108 3466 essentiam
2123 3401 2161 3464 ad

394 3485 471 3566 qcit,
489 3485 663 3554 Sclcoloris
677 3503 736 3551 nec
750 3490 898 3552 ocimum
910 3489 1098 3572 trcioleroc,
1113 3505 1173 3553 mcc
1187 3505 1257 3552 cor·
1303 3487 1466 3559 internum,
1481 3486 1572 3550 immo
1588 3485 1662 3548 lcrte
1678 3485 1949 3548 descenrtissesed
1966 3485 1995 3548 id
2012 3499 2073 3548 non
2088 3499 2161 3546 con·

393 3585 469 3636 cem
480 3571 539 3636 dic
552 3576 680 3634 morato
690 3571 777 3633 estin
786 3569 1146 3652 sepcdctcrolutgenttcs
1158 3572 1190 3637 in
1203 3574 1256 3637 lih.
1304 3576 1481 3642 stare,cuc1
1496 3577 1597 3635 tomen
1609 3577 1740 3642 constet,
1752 3566 2036 3634 condescendisse
2050 3581 2162 3632 secun·

396 3651 427 3714 3.
440 3655 477 3714 od
492 3651 641 3719 Turesim.
655 3669 725 3731 cap,
738 3654 789 3719 ⁶23,
809 3650 911 3730 thom
925 3660 1033 3718 tomen
1053 3669 1187 3722 comem
1198 3672 1259 3720 cco
1306 3655 1378 3716 dum
1393 3649 1547 3716 ellectum.-
2095 3691 2110 3708 ..

395 3737 434 3798 in
447 3741 545 3797 morte
560 3736 714 3802 divinitus
728 3736 879 3810 deseruit,
893 3738 977 3800 siem
1000 3751 1061 3800 coe
1079 3737 1260 3814 iniciendo
1348 3731 1384 3801 lo
1400 3734 1459 3798 con
1475 3749 1548 3814 ergo
1569 3734 1670 3799 sctum
1694 3731 1856 3798 limandus
1878 3737 1968 3806 errat,
1991 3731 2075 3811 quod
2099 3747 2164 3796 non

395 3817 543 3882 urniorum
570 3818 754 3898 dereliquit.
777 3817 897 3912 lgtcap.
915 3818 1263 3902 35.selcdclqcodillr
1310 3815 1463 3880 existimat
1477 3817 1665 3882 eredendum
1680 3831 1751 3880 esse
1773 3811 2082 3886 accommodarent
2097 3815 2161 3877 nui·

396 3906 560 3978 susceptor
570 3901 661 3979 pleni
674 3901 815 3965 condoce
821 3899 1002 3974 deminico
1016 3908 1095 3966 essm
1109 3918 1264 3968 mmccc-
1309 3913 1391 3964 mcm
1404 3899 1504 3976 reipsa
1518 3899 1687 3966 seccodum
1699 3897 1865 3966 essentium
1875 3897 1972 3962 luisse
1982 3898 2014 3960 in
2026 3895 2159 3982 inieram

397 3983 760 4140 cce-cctceepccmc.
778 3989 860 4052 totio
874 4000 950 4051 com
963 3986 1201 4055 rotmannum
1214 3987 1263 4052 tc·
1307 3979 1573 4130 ffltouidemtcnc
1597 3983 1780 4046 molendam
1802 3993 1873 4046 csso
1896 3993 2067 4053 moneam,
2094 3995 2165 4060 pro·

412 4079 502 4128 erno.
1331 4080 1407 4129 ccc.

397 4202 403 4210 .
439 4143 568 4225 vigilius
582 4153 695 4229 mertpr
710 4147 765 4214 lib.
781 4148 812 4223 2.
827 4154 909 4216 cont.
926 4147 1088 4231 Eutychel.
1101 4148 1197 4223 doro,
1213 4151 1260 4214 in„
1349 4145 1459 4221 Primo,
1477 4146 1547 4224 ocia
1563 4145 1746 4226 scripturae,
1762 4144 1898 4213 Concilio
1926 4151 1957 4230 et
1970 4145 2074 4208 Patres
2087 4145 2162 4210 elta·

400 4228 475 4307 quit,
492 4230 561 4308 ipsc
577 4231 709 4294 mono
721 4231 832 4308 scilic
844 4234 1021 4310 paradiso,
1036 4249 1096 4297 meo
1110 4235 1149 4296 im
1161 4234 1261 4310 infer·
1310 4226 1466 4291 lidescrte
1481 4229 1597 4302 dicuat,
1624 4227 1733 4294 dlrrlsti
1759 4229 1890 4296 coimcm
1913 4227 2165 4292 descendissent

399 4313 520 4403 {remed
532 4314 813 4390 ecooimtsr'ccctc
825 4317 863 4378 in
875 4315 1057 4394 sepulchro,
1074 4318 1190 4380 coemo
1202 4333 1262 4397 por
1308 4309 1436 4384 icterus,
1454 4316 1485 4372 ot
1497 4325 1621 4378 carnem
1638 4313 1788 4378 mersisse
1799 4315 1831 4374 in
1846 4312 2022 4392 sepulchro:
2042 4317 2161 4375 nerttrm

399 4393 485 4458 dtcd
503 4396 649 4465 trtducm
661 4399 698 4460 io
712 4397 852 4473 inferno,
867 4411 937 4462 noo
950 4400 986 4461 io
997 4398 1179 4476 remisero.
1309 4401 1410 4466 eutem
1422 4400 1605 4462 est,ccrnem
1619 4411 1692 4458 rere
1703 4413 1739 4458 ac
1754 4396 1876 4474 proprie
1888 4410 1947 4458 coc
1962 4407 2018 4473 per
2027 4399 2162 4472 tropum,

402 4531 409 4538 .
440 4477 546 4538 Arctoe
562 4477 774 4542 Scudiecnous
796 4479 852 4546 lib.
880 4479 910 4551 l,
927 4481 958 4548 in
979 4481 1043 4556 lct,
1069 4482 1175 4562 Apost.
1198 4489 1259 4545 tra·
1307 4490 1364 4558 per
1377 4491 1412 4538 se
1424 4491 1485 4538 nou
1499 4491 1553 4554 per
1567 4475 1710 4543 ellectum
1722 4477 1874 4542 marcuisse
1886 4477 1920 4542 ic
1930 4475 2115 4556 sepulchro.

402 4561 500 4632 olaus,
517 4574 585 4638 cap.
602 4560 752 4642 linquit.
1313 4609 1316 4616 ⁴
1352 4555 1505 4632 Secundo,
1522 4560 1547 4622 si
1562 4577 1616 4638 per
1629 4559 1770 4625 ellectum
1782 4562 1891 4624 luisset
1908 4558 2046 4624 doristus
2061 4557 2094 4620 in
2116 4557 2165 4622 in·

406 4711 410 4717 ‚
1311 4638 1721 4716 ieromaonsolcmanime,
1738 4643 1897 4710 sedetiam
1920 4657 1990 4706 curo
2014 4640 2047 4704 in
2069 4639 2165 4704 inter·

476 4738 605 4808 Μυίας»,
619 4740 923 4810 mmmmm,
1309 4721 1481 4796 noluisset,
1497 4739 1603 4790 caussa
1616 4727 1700 4790 enim
1723 4727 1805 4791 itlius
1820 4725 1948 4792 ellectcs
1970 4723 2063 4790 ettam
2089 4738 2161 4788 caro

404 4861 410 4868 .
439 4807 659 4895 Pctlldcreprcc
672 4817 778 4883 peleos,
792 4817 912 4887 proprio
923 4831 1005 4887 oceno
1018 4818 1235 4878 tcceoormccm
1309 4805 1378 4874 luit.
1394 4803 1499 4883 dequo
1514 4807 1658 4872 sutislcoit
1686 4808 1857 4878 Ducendus,
1883 4823 1953 4872 cum
1979 4806 2159 4885 respondet,

439 4883 500 4938 Non
513 4886 606 4954 pctcet
618 4883 729 4953 lcsocre
745 4885 843 4969 discos,
856 4887 951 4960 strpere
964 4890 1083 4960 delores,
1311 4890 1506 4968 praecipuam
1521 4907 1661 4958 caussam
1671 4890 1989 4958 icissocnimnmctcn
2001 4887 2165 4970 praecipua

457 4954 573 5025 stertis
586 4959 651 5016 iles
663 4969 722 5016 0³⁸0
736 4961 824 5047 latmi,
836 4963 889 5018 etc.
1312 4986 1419 5034 neusse
1436 4970 1491 5034 icit
1504 4974 1901 5052 compositum,idest,torcs
1914 4971 1966 5036 ilto
1987 4978 2093 5040 aomo,
2110 4971 2163 5051 qui

404 5109 409 5114 .
523 5121 528 5128 .
563 5127 570 5140 1
639 5129 645 5142 ἱ
1312 5054 1481 5132 patiebatur
1507 5061 1537 5118 ot
1555 5060 1742 5120 merebatur.
1767 5057 2030 5127 Praetereo,csto,
2053 5053 2166 5124 luisset

404 5191 409 5198 ,
447 5127 610 5210 Gregorius
626 5129 680 5192 trb.
695 5130 744 5194 tl.
761 5131 864 5195 lloral.
894 5151 961 5214 rep.
978 5135 1028 5198 20.
1051 5137 1133 5199 llcm
1155 5137 1265 5201 condi·
1312 5136 1412 5204 aalma
1429 5138 1725 5214 praecinctionem,
1742 5146 1841 5204 temen
1856 5141 1948 5205 etiam
1963 5154 2035 5204 acro
2047 5143 2079 5200 el
2092 5152 2165 5200 san·

405 5217 455 5297 tor
470 5227 518 5274 oc
529 5212 710 5294 redeprptor
722 5222 830 5283 moster
849 5218 887 5280 io
901 5218 1043 5281 rtocscc
1068 5220 1191 5296 deserni
1212 5235 1267 5298 pe·
1312 5221 1382 5296 gnis
1397 5219 1451 5281 tuit
1465 5236 1584 5284 cccsss.
1601 5221 1714 5299 otiocci
1726 5237 1787 5286 aon
1802 5235 1872 5286 cere
1886 5223 2050 5296 diceretur,
2068 5219 2097 5284 t.
2113 5217 2163 5282 lo.

403 5302 538 5391 metrone
549 5294 721 5391 electorum
734 5299 855 5376 corinda
865 5302 995 5364 cclmcc
1009 5301 1196 5370 cdcolrmos
1210 5301 1266 5365 illc
1314 5301 1342 5364 l.
1356 5302 1495 5380 senonis
1510 5303 1578 5380 ejus
1594 5307 1749 5372 emmcdct
1760 5319 2001 5384 rememorare
2016 5302 2075 5368 dini
2090 5315 2162 5381 pos·

405 5393 455 5441 cre
468 5393 537 5441 ooo
548 5384 673 5458 potet-cr
687 5422 695 5451 ,
711 5381 800 5444 ccede
807 5381 881 5458 jam
895 5383 976 5444 olion
990 5384 1214 5448 descendendo
1230 5385 1265 5447 lc·-
1312 5389 1442 5458 set,ccro
1458 5390 1488 5446 et
1502 5390 1626 5464 salignis
1641 5385 1751 5456 Christi
1766 5387 1967 5452 descendisse
1978 5387 2015 5450 ad
2030 5383 2161 5460 interes,

406 5459 539 5552 bernolt.
559 5459 631 5522 Vide
647 5461 738 5526 etiam
753 5480 819 5542 cop.
832 5464 885 5556 lt.
902 5472 932 5526 et
945 5466 1168 5536 expositionem
1186 5469 1264 5547 psat·
1311 5465 1392 5546 quod
1408 5472 1455 5530 esl
1468 5477 1572 5530 oontrc
1588 5470 1817 5549 scripturorum
1830 5469 1944 5534 Patres.

407 5557 450 5636 mr
465 5540 706 5640 deprehendis.
722 5545 805 5607 Beda
819 5545 873 5608 Ιώ.
891 5545 921 5608 3.
939 5548 969 5610 in
988 5546 1046 5610 lob
1071 5563 1139 5628 cup.
1158 5551 1186 5613 l.
1204 5551 1268 5615 Hoc
1354 5547 1466 5622 Tertio,
1482 5551 1509 5614 sl
1525 5565 1580 5629 pet·
1594 5549 1735 5619 cdeclccn
1751 5561 1864 5619 tantum
1879 5549 2048 5616 descendit·
2062 5547 2103 5613 ad
2119 5549 2167 5612 in·

408 5623 542 5720 diocese,
558 5625 854 5723 inquitllomioum
866 5635 958 5720 pcto,
969 5632 1059 5712 qood
1071 5633 1157 5699 circu
1170 5631 1269 5710 finem
1313 5628 1406 5705 terem
1421 5647 1494 5710 ergo
1508 5632 1618 5700 eodem
1635 5642 1770 5714 tompore
1790 5639 1891 5705 enimn
1915 5632 2026 5698 Christi
2051 5635 2109 5698 tuit
2134 5633 2164 5696 in

408 5706 531 5769 coccclc
543 5724 601 5786 pro
614 5711 832 5807 redemptione
843 5711 982 5784 homiues
997 5720 1075 5778 esset
1089 5717 1135 5780 cd
1147 5718 1267 5793 inferos
1311 5715 1414 5780 mattis
1429 5715 1506 5780 locis
1521 5718 1624 5788 simul,
1639 5719 1671 5780 in
1691 5718 1820 5790 interno,
1846 5718 1877 5780 in
1905 5717 2047 5798 pcrcdisn
2070 5724 2167 5780 terro·

410 5790 633 5870 desoeoscrcs,
648 5791 778 5874 cocprc
804 5798 959 5876 potestate
971 5798 1200 5866 descendentis
1215 5801 1267 5864 de·
1313 5799 1378 5872 stri,
1405 5797 1435 5860 ic
1451 5805 1541 5872 terrm
1556 5801 1586 5862 in
1603 5801 1701 5866 corto:
1714 5815 1780 5866 acm
1795 5800 1863 5865 sine
1878 5799 1971 5864 ducto
1984 5814 2067 5864 mors
2078 5795 2168 5863 Cirri-

411 5870 592 5936 nmlclosse
605 5877 1035 5970 sedimitmcc‘oimposeidile
1046 5884 1269 5962 erotctoucsi
1314 5881 1351 5949 sti
1367 5880 1472 5944 trancil
1485 5882 1617 5962 aliquam
1632 5881 1773 5948 ellectum
1792 5883 1823 5946 in
1837 5883 1887 5947 his
1908 5881 2052 5946 omnihus
2065 5877 2168 5950 locis,

410 5969 484 6018 rcus
496 5961 625 6051 percote¹
632 5958 849 6051 defensalibus
862 5963 1001 6028 nicoclis
1015 5970 1186 6029 tmerercr.
1314 5964 1469 6028 illustrans
1496 5963 1612 6026 solcas
1627 5964 1745 6028 Petrum
1760 5967 1790 6030 in
1804 5966 1917 6048 lymbo,
1930 5961 2101 6028 laetilleaus
2113 5979 2167 6026 en·

452 6036 607 6103 lienemus
619 6045 711 6120 rpttur
724 6055 910 6112 consensum
920 6044 1051 6124 acccc,
1065 6048 1118 6127 odi
1131 6053 1200 6112 ente
1218 6062 1266 6110 nn·
1314 6046 1401 6126 gelos
1415 6047 1448 6114 ln
1463 6047 1560 6123 coelo,
1576 6049 1738 6116 consolaus
1753 6049 1857 6116 dcccc
1872 6055 1902 6116 ct
1915 6045 2047 6127 dedan,
2062 6047 2098 6114 itt
2112 6063 2168 6128 pa·
