4792 7009
465 732 517 787 332
1048 732 1091 790 ult
1109 728 1247 793 nnllhno
1262 726 1442 787 uontllteu

395 863 632 941 clarificaturus
646 872 724 932 esset
737 868 848 935 Derim.
862 864 978 931 Deinde
993 866 1106 929 lbidom
1123 866 1250 946 snlrjun·
1295 862 1411 923 mnium
1427 860 1772 946 primuspreedicnnerat
1782 864 2021 930 iudaeislitsoli
2037 862 2102 945 ipsi
2119 863 2163 925 vi·

395 950 437 1024 git
452 948 598 1013 Dominus
613 951 742 1028 loquens
756 953 792 1015 ad
807 954 938 1015 Petrum:
948 948 1085 1031 Sequere
1095 965 1156 1010 me:
1173 964 1251 1033 quoe
1296 947 1342 1005 sio
1356 946 1407 1005 illo
1420 950 1541 1009 ostensa
1557 952 1615 1019 esl,
1632 964 1688 1023 qua
1710 950 1914 1025 monebatur,
1932 956 2055 1031 tempus
2083 962 2158 1009 esse

395 1032 623 1107 tertiaquidam
649 1035 803 1114 acciplunt
830 1036 868 1095 de
894 1032 992 1095 olllcio
1021 1033 1193 1113 postorali,
1221 1037 1253 1095 ut
1296 1027 1490 1107 praedicandi
1506 1027 1687 1107 Gentilibus,
1700 1032 1753 1093 ubi
1768 1032 1858 1095 etiarn
1881 1032 2011 1112 pulchre
2039 1030 2157 1093 dicitur

396 1112 650 1255 Theophglnclns.
665 1118 716 1195 qui
734 1117 869 1195 exponit:
884 1114 1021 1198 Sequere
1032 1132 1095 1189 nne,
1111 1116 1163 1193 qui
1179 1113 1251 1177 edu·
1296 1110 1324 1171 ei
1339 1108 1442 1171 nocto
1455 1115 1484 1171 el
1495 1112 1673 1205 montinum·
1686 1114 1756 1176 Nam
1772 1114 1879 1193 nubilis
1890 1121 1938 1177 usi
1952 1114 2154 1185 munducare,

397 1210 434 1254 ro
452 1200 510 1255 tea
546 1198 794 1276 praedicandum,
811 1202 951 1267 ettotam
966 1197 1072 1258 orbern
1098 1196 1129 1257 in
1143 1212 1253 1259 manus
1298 1198 1393 1271 etper
1411 1194 1675 1256 marrduratrcnem
1700 1196 1841 1281 trajicere
1867 1197 1969 1267 eibum
1995 1199 2028 1261 in
2044 1202 2158 1259 stoma·

398 1286 467 1337 tuas
481 1278 588 1340 tradet.
604 1280 660 1342 lllii
673 1282 825 1361 accipiunt
841 1281 879 1345 de
902 1278 1101 1341 similitudine
1123 1280 1227 1341 mortis
1244 1325 1253 1351 ,
1298 1274 1402 1345 chum,
1425 1278 1455 1335 ct
1467 1275 1550 1337 illurn
1566 1276 1624 1339 sibi
1639 1277 1847 1359 incorporare.
1861 1280 2059 1359 Signilicatur
2076 1280 2159 1339 enim

397 1368 430 1419 ιιι
446 1358 637 1442 Euthymios.
654 1364 705 1440 qui
722 1365 858 1443 exponit.
885 1360 1023 1442 Sequere
1049 1378 1122 1435 me,
1147 1362 1252 1436 idest,
1298 1357 1356 1419 hac
1372 1359 1560 1441 metaphora,
1573 1360 1659 1421 Petro
1671 1363 1834 1425 convenire
1850 1409 1858 1438 ,
1876 1369 1908 1425 ut
1919 1362 1988 1441 ipse
2008 1370 2159 1439 tanquan

398 1458 521 1506 coracem
538 1445 679 1523 pattendo
691 1462 740 1510 me
755 1448 885 1507 imitare,
1298 1444 1388 1517 capot
1402 1437 1558 1533 Ecclesiae
1572 1441 1713 1511 intidclcs
1725 1444 2046 1522 connumeratione
2064 1458 2159 1505 mem·

441 1523 500 1587 Sed
517 1525 626 1603 plenus
642 1527 877 1589 commentarios
893 1526 959 1601 crit,
973 1525 998 1586 si
1013 1532 1170 1603 trinamque
1185 1542 1255 1587 sen·
1300 1522 1352 1593 bra
1365 1520 1534 1591 Ecclesiae.
1695 1547 1699 1559 ·

398 1608 524 1667 tentiam
540 1608 773 1687 conjungamus.
798 1610 872 1672 Gom
898 1609 978 1671 enlm
1006 1608 1155 1670 Dominus
1181 1625 1256 1671 ones
1342 1602 1402 1665 Sed
1425 1604 1564 1683 objicies:
1582 1604 1686 1669 N0nnu
1701 1608 1766 1671 hcl.
1782 1608 1812 1671 8.
1829 1606 2159 1691 Phiiippuscmtlelle·

399 1690 488 1754 Petro
503 1692 799 1762 commendassetet
810 1693 915 1759 mortis
929 1707 1027 1771 genus
1042 1692 1255 1771 praedixisset,
1301 1690 1347 1749 rat
1361 1686 1519 1749 Gthnicum
1536 1688 1689 1751 bominem
1706 1737 1714 1765 ,
1731 1690 1912 1755 Eunuchum
1938 1694 2087 1757 uidelicet
2117 1706 2159 1752 rc·

400 1772 488 1847 qnasi
501 1772 690 1837 concludens
705 1776 807 1838 ornnia
820 1791 883 1837 uno
911 1774 1004 1835 verbo
1032 1774 1089 1834 nil:
1118 1773 1258 1853 Sequere
1302 1768 1390 1847 elnae
1406 1770 1604 1849 Aelltiopum?
1619 1778 1648 1833 et
1664 1788 1765 1839 noune
1780 1774 1891 1837 Paulus
1905 1776 1968 1837 hcl.
1994 1774 2027 1839 G.
2051 1774 2158 1851 loque·

400 1867 463 1925 me,
474 1852 565 1925 idest,
582 1860 648 1917 esto
663 1856 693 1918 id
710 1858 792 1937 quod
807 1857 874 1925 sui.
892 1863 922 1919 et
933 1856 1037 1917 nivens
1052 1861 1082 1917 el
1096 1859 1231 1919 moriens
1248 1874 1256 1916 ε
1302 1850 1391 1917 bulur
1405 1849 1562 1923 Gentibus,
1580 1854 1792 1935 etdispntabat
1815 1872 1886 1919 cunt
1914 1856 2038 1920 Graecis
2053 1857 2070 1915 l
2086 1872 2159 1935 quo·
2204 1874 2205 1881 ¹

402 1952 458 2012 nge
474 1942 627 2012 pastorem
640 1940 807 2002 animarum
823 1941 897 2001 dom
921 1937 1014 2011 viris,
1028 1944 1058 1999 et
1073 1945 1178 2015 postea
1204 1954 1260 2018 per
1304 1936 1395 1995 modo
1407 1949 1480 2013 ergo
1488 1935 1592 1999 Petrus
1604 1936 1714 2001 dicitur
1725 1936 1842 2020 primus
1853 1939 2049 2019 praedicasse
2058 1937 2160 2001 Genti·

404 2017 504 2079 erucis
519 2025 646 2081 mortem
658 2024 752 2084 transi
768 2022 807 2084 dc
818 2022 877 2083 hoc
892 2022 1005 2082 mundo
1020 2022 1056 2082 ad
1071 2022 1202 2087 Patrem.
1225 2022 1261 2082 lit
1304 2014 1403 2077 libus?

403 2118 443 2159 no
458 2102 687 2178 suspicaremur
707 2105 784 2167 haec
804 2104 864 2166 dici
880 2102 1023 2167 omnihus
1041 2150 1049 2178 ‚
1073 2104 1187 2165 diserte
1203 2104 1260 2165 bo·
1344 2098 1538 2177 uesponuec:
1554 2101 1830 2167 nnnuchamillorn
1845 2103 1942 2168 luisse
1954 2103 2158 2185 proselytum,

404 2184 507 2245 rninus
522 2184 823 2259 esclodilloannem,
849 2186 899 2266 qni
912 2192 985 2247 tunc
999 2186 1198 2263 corporaliter
1213 2202 1261 2249 so·
1307 2180 1397 2251 idest,
1410 2182 1472 2261 jhm
1488 2200 1667 2247 conversum
1681 2190 1716 2247 od
1733 2187 1937 2250 Iudaismum:
1968 2202 2030 2249 non
2057 2194 2158 2249 aulem

405 2264 566 2339 equabatur:
583 2266 636 2328 sec
656 2284 740 2346 epm,
758 2268 1263 2354 inqujr‚a010mppera‚qataaq
1307 2264 1398 2341 plane
1418 2263 1580 2332 Gentilem.
1595 2274 1630 2329 ut
1643 2276 1707 2331 erat
1719 2268 1961 2339 corneliusnarn
1973 2270 2085 2333 l‘clrus
2101 2285 2157 2331 non

404 2350 453 2407 to?
468 2352 560 2409 roma
570 2364 713 2437 sequere,
1306 2345 1449 2407 mentitur
1462 2350 1526 2411 hcl.
1544 2349 1592 2411 li.
1609 2368 1676 2413 curn
1688 2350 1826 2427 iudicat,
1848 2368 1883 2416 se
1898 2352 2031 2431 primurn
2044 2353 2160 2431 praedi·

1307 2444 1395 2490 casse
1410 2428 1696 2503 ⁴Gentibuslleinde
1709 2436 1774 2497 hcl.
1791 2436 1841 2502 lt.
1858 2434 1964 2498 scribit
1978 2435 2095 2508 Lucas,
2112 2450 2160 2497 cos

722 2513 840 2578 CAPUT
850 2514 946 2579 xxii.
1307 2511 1501 2591 quidispersi
1519 2514 1637 2578 lucrant
1660 2534 1675 2576 a
1702 2517 1896 2583 tribulatione
1924 2533 2002 2596 quac
2028 2516 2162 2579 lactacst

1095 2669 1099 2683 ἱ
1308 2594 1366 2655 suh
1380 2594 1544 2674 Stephano,
1560 2600 1789 2676 perambulasse
1809 2600 1907 2663 varias
1918 2599 2064 2679 regiones
2079 2615 2163 2661 eran·
2205 2605 2206 2625 ¹

409 2676 627 2756 Explicantur
638 2680 724 2742 ahoe
737 2697 853 2745 nouam
864 2696 982 2761 praere
1005 2680 1165 2747 cticqcere
1184 2680 1265 2745 Actia
1308 2677 1478 2753 gelianum,
1495 2678 1623 2744 Nemini
1637 2683 1798 2763 loquentes
1825 2681 1981 2749 neruum.
1996 2683 2067 2747 nui
2092 2683 2162 2743 sotir

528 2760 749 2843 Apostolorum
763 2771 792 2827 et
806 2697 1151 2843 epistuluoAEGulutcs,
1309 2758 1454 2835 iudaeis:
1468 2778 1563 2825 unum
1588 2771 1689 2827 antem
1711 2781 1748 2829 cx
1772 2766 1821 2829 his
1843 2766 1939 2829 luisse
1960 2764 2162 2843 Philippum,

1213 2848 1219 2861 ·
1309 2842 1564 2920 prosternet&
1580 2846 1758 2923 Praeterea,
1779 2849 1805 2911 si
1821 2848 1979 2927 Philippus
1998 2848 2063 2927 jam
2081 2862 2163 2925 prce·
2205 2884 2206 2893 .

382 2928 389 2941 ‘
448 2922 633 2988 Duodecimn
646 2930 850 3013 praerogativa
877 2935 925 2992 est
951 2926 1017 2991 llct.
1036 2927 1132 2990 l.nbi
1159 2927 1265 2991 Petrus
1310 2924 1461 2987 dicaverat
1475 2927 1589 2991 homini
1604 2932 1763 3010 gentilici
1776 2946 1868 3001 nemo
1880 2930 2164 3007 eumrcprehcndc
2205 2932 2206 2939 ’

407 3010 551 3087 tanquam
568 3012 781 3087 paleriamilias
797 3012 913 3091 colligit
928 3011 957 3071 in
973 3026 1067 3071 unrrm
1084 3016 1206 3073 coetum
1222 3012 1266 3071 di·
1309 3012 1366 3071 rut:
1379 3022 1433 3069 cur
1445 3014 1552 3153 gastun
1567 3012 1672 3076 Petrus
1687 3014 1814 3085 dubitat,
1831 3030 1870 3076 an
1883 3014 1924 3076 sit
1947 3020 2073 3091 tempus
2086 3028 2167 3091 prac-

334 3158 339 3164 ,
409 3090 1050 3173 sripalarum,ctnnumoligcnrlnnrcsse
1076 3095 1266 3155 docetinlc·
1310 3086 1431 3151 dicandi
1470 3092 2169 3162 cntilthustcnrooelestiristcneadhocani·

410 3188 478 3233 enm
494 3171 602 3236 Judae.
618 3176 651 3235 ln
666 3191 757 3254 quern
772 3178 872 3246 locum
889 3176 1135 3255 chrysostomus:
1152 3176 1265 3254 meunt,
1311 3173 1425 3235 matur?
1439 3190 1493 3236 cnr
1503 3177 1562 3240 lnoc
1576 3178 1679 3241 audito
1694 3180 1787 3259 aliqui
1802 3196 1840 3241 ex
1859 3178 1983 3241 ludaeis
1998 3178 2168 3255 obstupue-

408 3254 518 3333 inquit‚
535 3259 678 3335 agnouit
691 3258 822 3321 Petrum
835 3257 1110 3321 commissumoibi
1120 3260 1268 3339 qrcqemt
1311 3256 1595 3330 rontonnacum
1623 3268 1843 3324 accusaverunt
1861 3268 1895 3325 ut
1918 3276 1983 3324 rem
2008 3260 2166 3323 insolitam

411 3352 511 3414 quam
524 3339 562 3401 in
576 3340 634 3401 linc
650 3340 745 3403 citoro
763 3343 914 3421 princepe
939 3343 1011 3403 est?
1036 3340 1241 3402 Oernmenlus
1258 3388 1266 3416 ,
1311 3338 1436 3399 nusum?
1450 3339 1545 3418 Adde,
1562 3344 1643 3423 quod
1656 3344 1713 3405 iste
1727 3344 1893 3406 llunnchus
1914 3344 1977 3406 that
2000 3342 2034 3405 in
2058 3342 2168 3404 llieru·

376 3415 380 3422 ’
412 3421 530 3497 surgit,
542 3420 652 3499 inquit,
665 3422 776 3485 Petrus
787 3424 1093 3496 conlocabuntur
1109 3424 1162 3485 cui
1174 3440 1268 3501 prae·
1312 3418 1407 3481 salem
1422 3421 1458 3483 ad
1475 3428 1534 3485 tem
1559 3426 1667 3501 lum,ct
1680 3426 1788 3489 isaiam
1802 3427 1932 3495 incurru
1942 3426 2164 3506 lugebatque

410 3503 552 3569 sidentia
565 3506 800 3583 discipulorum
814 3510 983 3569 cornmissu
1004 3510 1083 3576 erat.
1099 3505 1206 3588 Neque
1221 3507 1268 3567 ιιι-
1312 3507 1384 3562 sunl
1398 3510 1500 3583 operta
1520 3442 1605 3589 sfgna
1620 3508 1779 3589 J'udaismi.

286 3609 289 3613 ⁴
412 3585 462 3645 tus
476 3587 619 3649 orationi
634 3589 1019 3661 netrtcootroatou‚sou
1033 3603 1112 3648 mone
1139 3588 1268 3669 adeptos
1351 3582 1706 3671 Deniquellieronpmus
1727 3590 1864 3671 inepist.
1889 3590 1926 3653 ad
1948 3589 2168 3661 Snlrinam,dc

407 3672 617 3747 praeceptum
628 3671 861 3736 constituerunt
872 3673 1052 3753 duocqum
1064 3670 1269 3755 dignissimos
1312 3662 1452 3731 Gornelio
1467 3670 1609 3755 loquens:
1626 3672 1877 3757 Primaminqnit,
1895 3673 1935 3735 ab
1950 3676 2095 3751 apostolo
2112 3672 2168 3733 bu·

412 3750 448 3809 'co
459 3751 1094 3832 qrodueuietimobcntutunumeorum
1107 3750 1269 3833 Demipae
1309 3750 1462 3827 plicatur,
1475 3756 1612 3819 salntem
1624 3756 1993 3821 Gentiumde'dicooitlit
2006 3755 2168 3834 chrysost.

412 3832 608 3907 designarat.
1313 3836 1396 3895 horn.
1413 3834 1463 3898 ⁶22.
1481 3836 1511 3899 in
1527 3838 1609 3911 heta,
1626 3841 1665 3902 de
1679 3839 1820 3902 Gorncllo
1842 3841 1982 3921 loquens:
2003 3839 2109 3911 lidos,
2124 3840 2169 3898 in-

452 3911 662 3978 Ilccimaterlin
679 3915 802 3982 csthcl.
818 3917 849 3979 2.
865 3918 917 3986 uhi
939 3923 1010 4000 post
1024 3921 1182 3994 acceptum
1199 3916 1267 3999 Spi·
1309 3916 1388 3993 quil,
1405 3920 1494 3986 rende
1507 3921 1640 3985 initium
1653 3923 1694 3985 eit
1707 3922 1874 3989 Gentium?
1894 3938 1916 3983 u
1928 3923 1997 3984 uiro
2020 3922 2079 3999 pia
2106 3922 2165 3999 qui

412 3994 501 4055 ritum
518 4004 669 4068 sanetum,
681 3998 788 4062 Petms
800 4004 937 4063 omnium
962 4000 1080 4081 primns
1097 4001 1269 4081 promulgat
1312 3999 1460 4075 operibus
1475 4004 1594 4081 dignus
1608 4004 1889 4078 esthubitus.0uod
1902 4003 2103 4083 siatiqoamto
2118 4004 2170 4062 lla·

411 4079 647 4157 euangeliumct
662 4085 755 4160 prima
769 4082 818 4144 ilia
834 4084 983 4147 concione
995 4082 1050 4144 tria
1063 4080 1156 4143 millia
1172 4084 1268 4147 homi·
1309 4084 1374 4143 lrcs
1386 4082 1502 4157 dicunt,
1518 4086 1700 4150 Eunuchum
1714 4088 1905 4165 illumqocnr
1921 4086 2083 4165 baptizarit
2099 4086 2169 4149 Phi·

412 4176 485 4220 nnm
501 4165 658 4224 convertit.
676 4164 729 4226 libi
746 4163 990 4244 chrysostomus:
1006 4165 1129 4235 Petrtu.
1142 4163 1265 4243 inquit,
1313 4162 1427 4243 lippus,
1445 4166 1540 4231 misse
1556 4170 1718 4248 Gentilem,
1733 4169 1918 4255 intelligunt,
1948 4169 2073 4232 nuhone
2104 4186 2167 4233 non

414 4244 562 4305 omniunt
577 4250 646 4307 erut
660 4262 705 4322 os,
717 4248 775 4309 sed
796 4248 946 4312 astabunt
965 4249 1016 4313 illi
1036 4247 1200 4323 undecim,
1224 4254 1266 4311 tc·
1310 4246 1472 4325 religione.
1498 4308 1502 4314 ,
1839 4284 1842 4291 ·

412 4327 565 4389 stimonto
580 4344 638 4390 suo
650 4328 892 4414 comprobantes
918 4349 968 4409 eo,
981 4348 1066 4423 quoe
1080 4328 1121 4391 ab
1135 4330 1191 4400 illo
1216 4332 1265 4401 di·
1350 4327 1393 4391 lle
1407 4331 1497 4395 Paulo
1508 4338 1608 4397 aulem
1623 4334 1794 4405 secundnm
1804 4350 1930 4415 graecos
1941 4332 2067 4397 codices
2082 4334 2168 4397 nona

412 4407 578 4471 eebontur.
1311 4416 1358 4471 est
1372 4412 1611 4486 diillcultasllon
1626 4418 1707 4479 enlm
1720 4424 1767 4481 est
1781 4416 1813 4490 in
1828 4432 1938 4496 gracco
1954 4416 2029 4478 illud
2044 4416 2167 4497 Loque-

451 4488 682 4570 Decimaqnarla
698 4499 744 4555 cst
759 4494 861 4557 ,leti
875 4495 928 4557 uhi
942 4495 1071 4575 primurn
1084 4490 1265 4559 miraculum
1311 4490 1406 4557 batur
1418 4498 1635 4575 gentibussed
1651 4506 1764 4562 tantum
1787 4506 1834 4561 est
1855 4498 2048 4591 loquebatur
2059 4506 2091 4561 et
2103 4501 2165 4562 ‹lis-

344 4582 355 4605 ·
410 4568 443 4636 in
459 4572 665 4640 testimonium
681 4574 895 4640 FideiaPelro
910 4579 954 4644 tn.
970 4578 1035 4640 Etsi
1050 4574 1131 4654 enim
1159 4574 1267 4641 Petrus
1307 4578 1446 4655 putabat
1471 4582 1625 4646 aduersus
1652 4582 1812 4647 Graecos:
1839 4582 1971 4645 Graecos
1995 4588 2100 4643 autem
2118 4584 2165 4645 hic

411 4658 442 4713 et
467 4651 602 4717 loannes
623 4656 825 4731 simularant,
848 4666 946 4721 lamen
962 4662 1048 4735 solus
1072 4660 1179 4726 Petrus
1192 4658 1268 4731 dixit
1311 4659 1537 4727 vocatludaeos
1551 4664 1711 4738 inGraecia
1724 4670 1811 4729 natos
1826 4671 1975 4745 etgraece
1989 4663 2166 4744 loquentes.

411 4734 531 4796 claudo:
544 4736 667 4811 Aurum
681 4744 710 4799 et
724 4746 970 4817 arpentumnon
995 4751 1040 4807 cst
1059 4740 1152 4813 ntihi,
1178 4744 1268 4823 quod
1311 4746 1345 4802 ut
1357 4741 1492 4807 indicant
1507 4744 1739 4826 chrysostomus
1754 4754 1785 4811 et
1805 4746 2022 4811 Gccumenlus.
2046 4748 2166 4812 Necest

410 4824 518 4879 aretem
532 4819 646 4881 habco:
660 4820 719 4883 noo
733 4822 791 4884 tibi
804 4825 845 4884 do
858 4832 916 4887 etc.
940 4824 1026 4887 Notat
1052 4824 1181 4906 pulchre
1195 4824 1266 4887 hm·
1310 4824 1486 4889 verisimile.
1500 4828 1622 4893 Paulum
1639 4831 1833 4910 praedicasse
1853 4830 2024 4892 Gentilibus
2041 4830 2075 4892 in
2103 4833 2165 4910 ipsc

410 4901 534 4963 hrosius
549 4918 642 4965 serm.
659 4902 970 4968 numentanorum
990 4910 1120 4986 primum
1138 4904 1266 4968 miracu·
1310 4904 1511 4985 Hierusalem,
1528 4918 1559 4974 et
1573 4914 1690 4975 nullum
1705 4928 1858 4976 rumorem
1873 4912 2035 4976 excitatum
2052 4914 2093 4975 ab
2110 4914 2164 4977 lle·

410 4982 474 5043 lum
490 4984 623 5046 edidisse
639 4985 670 5046 in
686 4988 803 5065 penam
815 4989 1056 5060 confirmatione,
1080 4999 1112 5053 ut
1123 4990 1265 5055 ostende·
1310 4988 1423 5065 bracis,
1442 4994 1493 5073 qui
1507 5000 1611 5072 postea
1626 5002 1686 5057 lam
1700 4996 1898 5059 vehementer
1913 4996 1945 5057 in
1969 4995 2096 5058 Petrum
2121 4997 2163 5058 in·

410 5072 467 5126 rel.
485 5081 519 5127 se
530 5066 760 5141 fundamentum
777 5087 846 5133 csse
862 5074 953 5133 totins
966 5072 1134 5137 Ecclesiae.
1311 5074 1489 5152 surgebant,
1507 5078 1575 5156 qnia
1591 5078 1817 5156 praedicaverat
1832 5077 1986 5141 Gornelio.

452 5146 681 5231 Decimaquinta
709 5154 835 5226 esther.
859 5153 889 5215 5.
919 5155 970 5216 ubi
993 5154 1099 5217 Petras
1125 5162 1267 5238 tanquam
1353 5155 1427 5233 Quia
1444 5160 1640 5222 tarnenlntini
1656 5160 1780 5223 codices
1806 5161 1944 5237 babent,
1971 5160 2164 5241 loquebatur

411 5246 550 5292 summus
568 5238 598 5294 ct
612 5234 733 5296 dininas
745 5234 840 5314 judex
854 5238 975 5315 agnovit
1002 5244 1032 5298 el
1047 5238 1199 5302 damnavit
1214 5244 1266 5322 hy·
1314 5238 1475 5314 Guntibrm
1489 5247 1518 5305 el
1530 5242 1717 5321 deputabat
1730 5258 1804 5307 cunr
1819 5243 1958 5321 Gnaeum
1974 5243 2036 5305 dici
2051 5251 2162 5322 potest,

409 5314 566 5400 pocrisim,
582 5320 614 5377 ot
627 5314 764 5390 incudem
779 5318 913 5397 Ananiae
936 5327 966 5382 et
980 5320 1124 5403 Saplrirac
1141 5369 1149 5399 ‚
1166 5330 1197 5385 et
1212 5341 1266 5387 eos
1311 5336 1380 5381 enm
1395 5323 1552 5403 loquutum
1569 5343 1638 5387 csse
1654 5342 1689 5387 ac
1704 5325 1876 5404 disputasse
1891 5342 1960 5389 cnm
1977 5325 2159 5397 Gentilibus,

408 5396 503 5457 uerbo
518 5412 576 5458 suo
592 5397 713 5459 occidit.
1049 5444 1053 5452 .
1310 5418 1370 5477 nun
1388 5420 1441 5467 eos
1456 5405 1492 5466 nel
1507 5408 1597 5469 iidem
1614 5410 1886 5487 pertrahendosed
1901 5409 1994 5472 fldem
2005 5409 2045 5470 ab
2058 5426 2163 5470 earum

450 5478 659 5546 Deelmcsexta
675 5485 722 5542 cst
735 5479 801 5543 Act.
817 5481 903 5552 {lubi
918 5483 1115 5563 siclcgimns:
1132 5488 1267 5553 Facerem
1311 5486 1472 5550 calumniis
1484 5490 1689 5559 defendendo.
1702 5492 1805 5571 ltaque
1817 5492 1898 5555 idem
1924 5492 2021 5554 lucas
2036 5492 2166 5570 subjun-

411 5565 468 5627 est.
484 5577 558 5623 cum
571 5562 683 5626 Petrus
711 5566 863 5641 transiret
886 5582 947 5644 per
976 5584 1095 5631 omnes.
1122 5570 1157 5631 ln
1175 5590 1267 5651 quom
1311 5572 1364 5644 glt,
1381 5587 1444 5633 non
1458 5572 1577 5651 aliquos
1592 5590 1662 5636 esse
1674 5590 1838 5637 conversos
1853 5619 1860 5644 ,
1878 5576 1933 5636 sed
1956 5574 2059 5636 odium
2084 5576 2164 5635 adeo

409 5642 510 5701 locum
527 5642 1066 5725 Ghrysostomustiluemcdmodum,
1082 5650 1267 5732 inquitduor
1311 5666 1400 5729 grave
1415 5654 1446 5715 in
1462 5652 1588 5717 Paulum
1603 5656 1816 5729 excitatumut
1826 5656 2018 5737 quaesierint
2033 5672 2102 5718 enm
2119 5662 2165 5717 ln·

407 5726 447 5820 iu
461 5726 607 5787 caercitu
619 5727 832 5793 obambulans
844 5732 1068 5796 considerabat
1088 5750 1266 5881 quaejam
1310 5732 1461 5815 terliccre3
1475 5736 1591 5817 primus
1606 5755 1678 5819 ergo
1692 5744 1778 5818 pater
1791 5744 1852 5802 tam
1866 5738 1883 5802 J
1886 5739 2166 5819 ocrearumqoam

407 5811 450 5869 snt
465 5808 662 5878 condunato,
680 5828 763 5890 quae
783 5830 842 5875 suo
856 5816 999 5878 oduerttu
1019 5824 1120 5895 eqeot,
1141 5820 1174 5880 ui
1198 5834 1266 5881 ert·
1312 5814 1473 5881 Gentilium
1491 5818 1597 5883 Petrus
1611 5820 1677 5883 luit.

411 5888 616 5985 biqueillum
630 5894 885 5959 circumcursare
911 5903 940 5959 et
957 5900 1264 5976 primuminueniri.
1302 5938 1305 5945 ·
1322 5910 1327 5917 '
1350 5896 1576 5965 Decimacctara
1592 5905 1746 5966 estttctor.
1763 5904 1868 5969 inubi
1882 5920 1937 5985 pro
1959 5904 2047 5967 Petro
2062 5904 2171 5967 incar·

449 5972 703 6064 ltecrmaseptlrna
719 5984 766 6037 ost
780 5979 845 6041 het.
864 5978 912 6041 ιθ.
928 5981 981 6042 ubi
1003 5982 1108 6044 Petrus
1129 5983 1266 6046 omnium
1311 5996 1381 6045 cere
1393 5986 1556 6049 constituto
1568 5986 1670 6049 oratio
1684 5983 1779 6065 pichot
1788 5990 1859 6051 sinc
1872 5987 2115 6053 luteuuiaeioue
2131 5989 2174 6051 ab

407 6067 527 6150 primus
541 6054 649 6147 incipit
661 6060 837 6143 praedicare
853 6062 1017 6142 Gentibus,
1033 6064 1114 6139 sicut
1142 6065 1211 6154 ipso
1232 6083 1265 6133 o«
1309 6064 1549 6149 Eccleumunde
1564 6068 1652 6140 etiarn
1668 6069 1780 6151 insigni
1796 6070 2097 6139 miraculoliberalus
2110 6080 2171 6135 est.
