4792 7009
403 682 457 742 mo
951 655 954 661 ’
1134 679 1178 740 na
1198 681 1342 742 crunno

370 820 480 886 Sestos
501 821 590 884 loeus
613 821 672 884 lsa.
688 819 719 884 h.
740 819 813 884 i'idi
835 816 1013 882 morinum
1033 815 1202 880 sedentem
1249 817 1307 883 boa
1323 817 1472 883 domibus
1485 814 1598 888 lsrael,
1611 815 2056 898 tntaqueumetinrutnam
2066 819 2128 884 ha·
2211 805 2212 884 ἶ

326 905 557 983 superantium
572 905 749 977 eoceelaum,
768 910 797 966 et
812 903 983 972 elocutum,
1001 904 1031 962 ct
1045 915 1096 970 ea,
1110 915 1200 978 puae
1249 901 1426 966 bitantibns
1457 899 1673 974 Hierusalem
1688 905 1720 962 et
1734 897 1900 980 offendent
1924 902 2077 981 plurinti,
2098 911 2128 968 et

325 989 386 1048 auh
399 989 470 1065 ipsa
484 988 759 1067 eraratreptebant
772 986 938 1064 temptum.
952 982 1124 1061 Seraphim
1134 989 1199 1048 eta·
1246 989 1365 1050 eadent
1380 993 1409 1048 ct
1424 988 1644 1047 couterentur.
1660 981 1716 1046 llic
1731 984 1940 1062 :apertissima
1956 990 2049 1048 eham
2072 986 2128 1050 Ju-

327 1067 405 1132 hant
419 1086 519 1148 super
532 1072 629 1133 illu-d:
645 1087 707 1133 sem
718 1071 793 1134 alne
805 1070 877 1144 uui,
891 1073 920 1130 et
931 1083 991 1130 scae
1003 1066 1077 1127 alae
1090 1066 1198 1146 alteim
1245 1067 1331 1132 dacis
1350 1067 1505 1130 omuibus
1528 1065 1810 1140 consentientibus,
1833 1071 1957 1128 vocatur
1980 1084 2125 1134 summus

326 1151 458 1214 duabus
472 1153 626 1216 uelabant
639 1154 769 1231 faeiem,
786 1159 816 1214 et
830 1149 961 1214 duabus
976 1148 1130 1212 velebant
1141 1166 1199 1228 pe·
1243 1149 1341 1228 Deus,
1358 1157 1387 1214 et
1403 1149 1551 1212 Dominus
1567 1147 1770 1218 exercituum,
1785 1148 1971 1226 quibusdam
1987 1151 2124 1214 sanctifi·

326 1235 383 1296 dea
398 1235 481 1316 ejus,
500 1241 529 1298 et
543 1236 673 1298 duobua
687 1234 897 1299 notabantht
912 1229 1101 1295 clamabant
1115 1233 1198 1299 atter
1243 1234 1334 1310 catio,
1350 1233 1536 1310 quibusdam
1555 1231 1634 1310 lapis
1649 1229 1845 1305 ollensiouis,
1863 1236 1950 1310 petra
1965 1235 2121 1312 scandali,

322 1317 369 1378 ad
383 1319 536 1396 nitemem3
554 1319 705 1384 sancires,
720 1317 870 1380 Sanctae.
886 1315 1025 1378 Sanctam
1037 1313 1196 1380 Dominus
1241 1314 1373 1394 laqueus
1389 1325 1418 1379 et
1434 1315 1533 1377 ruina.
1585 1339 1587 1344 ·
1787 1369 1788 1374 ,

319 1396 417 1477 Deus,
435 1401 535 1478 plena
551 1409 595 1463 εει
611 1401 716 1462 omnis
732 1405 819 1462 terro
833 1399 940 1478 ptoria
955 1396 1037 1475 epus.
1050 1395 1088 1457 El
1103 1396 1193 1461 inira:
1282 1400 1317 1460 ht
1346 1399 1405 1462 hoc
1435 1399 1538 1478 ipsum
1566 1395 1704 1458 tribuunt
1730 1393 1850 1458 Christo
1865 1395 1975 1470 Lucas,
1993 1397 2119 1476 Petrus,
2173 1457 2177 1464 .

303 1479 361 1550 ¹lit
375 1485 463 1546 dinit
477 1484 685 1546 caeercituum
704 1483 800 1554 uude,
820 1489 848 1543 ει
864 1482 952 1544 dices
964 1479 1087 1559 populo
1103 1479 1192 1554 hetia,
1240 1477 1375 1558 Paulus3
1393 1498 1462 1542 nutu
1479 1480 1556 1540 Lite.
1573 1478 1604 1539 2.
1622 1477 1747 1540 Simeon
1764 1478 1803 1540 dc
1820 1475 1941 1541 Christo
1955 1479 2042 1542 dicit:
2059 1481 2121 1546 Po·
2191 1537 2194 1545 .

320 1578 465 1627 emenone
489 1566 599 1627 aeratos
621 1567 780 1644 ipsorum,
797 1573 826 1626 et
840 1579 897 1626 eor
918 1579 1034 1626 eorum
1047 1579 1195 1642 apprana
1238 1563 1321 1627 adas
1337 1571 1383 1626 εει
1398 1565 1450 1626 hie
1464 1565 1502 1626 in
1515 1564 1652 1632 ruinam
1667 1565 1696 1621 et
1709 1562 1982 1625 resurrectionem
2001 1565 2119 1628 multo·

319 1653 377 1709 ete.
405 1647 470 1708 Nou
496 1648 596 1726 potuit
622 1648 736 1708 alterius
762 1646 899 1708 describi
916 1645 1062 1724 maiestas
1078 1648 1192 1710 summi
1238 1659 1326 1714 rum.
1344 1646 1381 1708 Et
1397 1647 1485 1709 Dona.
1501 1645 1533 1706 9.
1554 1641 1638 1718 onere
1660 1657 1735 1720 erpo
1757 1642 1921 1706 dicemus?
1936 1647 2026 1730 netad
2040 1663 2117 1725 peu·

316 1726 384 1791 Dei.
400 1728 437 1789 Ει
452 1728 591 1808 quamvis
614 1729 781 1791 adversarii
797 1729 856 1792 soli
872 1728 950 1790 Patri
968 1729 1027 1789 hoc
1042 1726 1190 1806 tribuant,
1238 1733 1282 1791 tes
1297 1745 1384 1810 qttae
1399 1745 1469 1791 non
1482 1726 1694 1790 sectabantur
1698 1725 1876 1800 iristitiam,
1890 1728 2117 1806 apprehende·

316 1813 416 1872 tamen
444 1810 582 1874 ioannes
608 1828 678 1890 cap.
697 1811 747 1873 r2.
761 1811 889 1890 exponit
909 1811 950 1873 de
966 1808 1100 1872 Clivisto.
1118 1811 1192 1875 llam
1238 1813 1501 1892 machinantium,
1510 1809 1895 1889 justitiamuutemquac
1907 1825 1950 1872 eno
1961 1810 2046 1874 Fide
2059 1820 2116 1879 εει.

312 1897 514 1970 posteaquam
542 1895 647 1972 posuit
671 1895 763 1956 verba
790 1893 977 1972 illaudati.
995 1891 1106 1955 Isaiae:
1123 1895 1192 1957 lim·
1236 1892 1429 1958 israeluaro
1444 1892 1598 1956 sectando
1615 1891 1717 1968 leuem
1725 1889 1878 1968 justitiae
1902 1893 1940 1956 in
1952 1893 2118 1972 tepemp'u·

310 1977 457 2038 euocauit
481 1977 592 2039 notatos
619 1981 792 2047 cernon-et
805 1975 979 2039 induravit
993 1991 1049 2037 eor
1063 1989 1188 2052 cortem,
1234 1976 1344 2040 otiliae
1365 1975 1615 2056 nortperuenit.
1642 1973 1768 2051 Quaem
1790 1987 1858 2051 quo
1875 1988 1944 2037 non
1959 1992 2003 2038 eoo
2017 1975 2113 2052 Fide,

308 2062 347 2118 ut
370 2072 443 2120 non
462 2059 598 2122 uideant
612 2060 715 2121 aeratis
731 2064 790 2120 ete.
807 2059 985 2138 Suhjuugitt
1002 2057 1088 2120 llaec
1103 2059 1190 2122 dimit
1234 2059 1464 2139 sedquoniam
1479 2056 1642 2138 operibus:
1657 2052 1865 2134 offenderunt
1879 2058 2017 2126 enimin
2029 2060 2115 2139 inpi-

310 2137 419 2202 laaius
434 2143 569 2220 quando
583 2144 668 2204 uidit
682 2143 825 2220 pluriam
839 2142 919 2218 ajars.
933 2146 963 2202 ει
976 2141 1189 2221 toqrtretuaest
1237 2142 1313 2206 dem
1327 2141 1526 2224 offensionis,
1544 2141 1629 2201 sicut
1642 2139 1800 2215 seriptum
1813 2143 1867 2200 est:
1880 2141 1962 2202 Eece
1972 2157 2064 2219 porto
2075 2143 2115 2208 in

311 2221 352 2283 de
368 2237 419 2284 eo.
436 2227 535 2295 ditare
554 2224 634 2286 idom
650 2223 698 2286 lo.
716 2225 812 2302 hooc.
829 2225 860 2284 l.
878 2224 963 2298 dicit,
981 2239 1015 2284 se
1031 2223 1187 2289 audivisse
1232 2223 1320 2305 Spore
1336 2225 1480 2304 lapidem
1495 2221 1694 2302 offensionis,
1712 2226 1741 2280 et
1755 2225 1883 2296 petrum
1896 2225 2063 2287 scattdali.
2082 2226 2113 2288 l.

307 2303 490 2366 clamantes:
518 2306 670 2379 Sanetus,
696 2306 848 2381 Sanetus,
874 2305 1013 2375 Sanctus
1027 2304 1187 2372 Dominus
1235 2305 1300 2369 Pet.
1317 2309 1348 2370 t.
1369 2306 1458 2370 Vobis
1473 2306 1579 2369 laomor
1594 2301 2113 2375 credentibus,uoneredentihus

307 2383 394 2448 Deua
414 2388 628 2467 murtipotens.
642 2391 701 2469 qui
712 2395 793 2460 erat,
806 2397 836 2451 et
847 2389 906 2470 qni
920 2394 976 2466 εει,
994 2391 1023 2449 ει
1037 2389 1097 2468 qui
1109 2405 1186 2454 uera·
1232 2394 1343 2452 autem
1357 2385 1657 2470 lapis-offensionis.
1675 2390 1705 2448 et
1716 2389 1811 2463 petra
1824 2389 1989 2472 scandali.

306 2474 402 2530 turus
417 2477 473 2532 est:
490 2481 520 2531 at
534 2474 586 2550 qui
601 2480 750 2544 venaturus
763 2477 823 2544 est,
838 2472 900 2534 nisi
917 2470 1076 2534 leristus?
1276 2471 1407 2545 Octavus
1429 2472 1517 2534 loeus
1540 2469 1639 2532 Isaiae
1654 2467 1706 2528 ltt.
1728 2468 1793 2530 Voac
1813 2468 1987 2540 clamantis
2001 2471 2040 2536 t'rt
2055 2474 2113 2540 de·

350 2549 424 2627 Ipse
441 2557 489 2614 est
504 2555 600 2622 euim.
617 2556 656 2615 de
671 2570 734 2632 qun
750 2558 780 2615 iu
798 2554 943 2632 Symbola
960 2553 1104 2632 legimus:
1125 2551 1186 2631 Qui
1229 2560 1325 2630 sarto,
1346 2561 1466 2635 parate
1480 2555 1570 2618 uiam
1585 2549 1735 2620 Domino,
1752 2557 1857 2614 raetos
1870 2551 1968 2628 facite
1982 2556 2112 2620 inauli·

305 2639 465 2697 uenturas
477 2634 683 2714 estp'udicore
693 2638 793 2701 uiros.
807 2643 837 2697 ct
849 2641 1005 2712 mortuom
1022 2641 1054 2697 ct
1068 2635 1107 2698 de
1121 2653 1183 2716 quo
1231 2638 1347 2701 tudine
1361 2639 1492 2700 sentitus
1506 2635 1565 2700 Det
1580 2634 1697 2696 nostri.
1716 2631 1799 2696 llaec
1815 2635 1853 2694 dc
1869 2633 1933 2698 Deo
1949 2637 2046 2702 lsrael
2063 2642 2111 2701 di·

218 2739 230 2752 ·
303 2712 476 2782 bromus
502 2725 540 2779 ad
569 2719 681 2796 Dhilip.
698 2718 729 2780 t.
747 2718 949 2781 Salvatorem
971 2723 1204 2796 aspectamus,
1229 2719 1393 2782 'cunturnb
1410 2719 1501 2783 lsaia.
1517 2717 1579 2780 Nec
1594 2717 1677 2778 enim
1699 2711 1808 2790 ludaei
1829 2715 1922 2778 alium
1940 2719 2109 2786 Dominum

304 2797 483 2861 Dominum
496 2803 644 2863 nostrum
658 2802 772 2864 iesum
788 2800 960 2864 Christum.
977 2801 1013 2862 Et
1029 2802 1114 2869 lead
1130 2803 1179 2864 Ti·
1227 2807 1258 2862 et
1272 2801 1369 2865 Deum
1386 2819 1477 2866 sunm
1492 2800 1633 2865 absolute
1655 2799 1816 2869 vocabant,
1833 2815 1924 2884 quam
1940 2818 2037 2866 unum
2054 2821 2109 2869 ra.
2183 2821 2186 2828 ⁴

302 2880 401 2942 moth.
417 2881 449 2943 l.
467 2883 529 2945 Per
543 2883 720 2961 adheretum
745 2884 861 2962 ipsius,
886 2890 915 2946 et
934 2899 1075 2961 repnam
1097 2885 1180 2965 epum
1228 2897 1295 2945 rum
1312 2885 1424 2958 Deum,
1441 2901 1476 2947 no
1492 2879 1676 2964 praesertim
1690 2880 1874 2959 Prophetae.
1885 2883 1999 2963 aliique
2016 2897 2110 2952 sane.

299 2967 334 3024 et
360 2963 448 3036 inira,
464 2980 535 3030 non
547 2966 654 3028 solum
669 2971 779 3029 autem
791 2968 885 3043 mihi,
902 2967 1016 3030 sedita
1031 2968 1184 3047 quidili-
1226 2965 1332 3028 liviri:
1352 2975 1383 3030 et
1405 2976 1507 3030 tamnu
1530 2966 1610 3027 banc
1631 2980 1739 3026 vocem
1763 2979 1836 3026 esse
1858 2963 2023 3042 loannem,
2050 2973 2108 3051 qui
2211 3029 2212 3052 ,

301 3050 385 3120 punt
399 3047 576 3110 aduentum
591 3047 674 3128 oium
691 3054 723 3112 cl
736 3047 801 3110 het.
819 3051 848 3111 ι.
866 3049 973 3128 lugeli
987 3047 1106 3111 dieunt:
1119 3052 1179 3114 Hic
1226 3049 1343 3126 pararit
1356 3051 1436 3112 viam
1449 3048 1738 3120 Cluisto‚teslautur
1752 3060 1863 3108 omues
1873 3047 2104 3130 Drappetistnc,

300 3127 407 3197 taen,
433 3130 493 3208 proi
517 3138 703 3208 asserendus
729 3132 1109 3198 eatauohis-imeoolnm
1130 3135 1178 3197 aio
1224 3127 1331 3194 hlatth.
1349 3132 1381 3195 3.
1397 3131 1489 3194 llaec.
1508 3131 1537 3193 l.
1554 3130 1628 3192 Luc.
1647 3129 1676 3190 l.
1692 3125 1997 3209 loau·.‘l.Dstigitur
2013 3132 2102 3198 Chri·

300 3211 408 3273 ueniet
422 3217 481 3274 etc.
498 3213 641 3292 Denique¹
655 3212 733 3275 nihil
748 3213 990 3290 ircnneutiusin
1007 3211 1176 3294 scripturis
1223 3217 1291 3276 stus
1313 3213 1366 3278 ille
1386 3215 1536 3278 Dominus
1553 3219 1583 3275 et
1598 3212 1681 3276 Deus
1695 3210 1805 3286 Israel,
1820 3226 1914 3292 quem
1929 3215 2031 3280 solum
2047 3218 2106 3280 Pa·

298 3296 461 3369 repetitur,
486 3311 578 3372 auam
604 3295 755 3357 adventus
779 3295 890 3358 Christi
906 3297 944 3357 ad
959 3296 1174 3375 judicandum.
1222 3298 1299 3358 trem
1316 3297 1481 3360 adversarii
1500 3295 1627 3358 iaciunt.

299 3371 405 3450 Deoua
431 3374 505 3438 hinc
530 3377 635 3456 colligi
659 3377 764 3452 debet,
790 3393 910 3440 sacrum
928 3378 1099 3453 rrtsnatum
1116 3380 1176 3443 soli
1267 3377 1371 3442 bonus
1391 3381 1480 3444 locus
1496 3377 1596 3440 lsniao
1612 3375 1747 3455 tempo
1762 3343 1905 3452 bembi
1919 3392 1988 3442 nort
2003 3386 2050 3444 esi
2065 3400 2102 3447 a·

299 3452 421 3517 Christo
447 3460 625 3533 convenire,
637 3527 640 3531 J
651 3475 720 3521 eum
737 3459 776 3521 ad
791 3459 970 3522 Trinitatem
997 3459 1173 3526 Divinarum
1222 3455 1297 3538 tim,
1314 3463 1352 3526 in
1366 3462 1555 3540 memetipsa
1568 3459 1696 3541 iurati,
1719 3461 1801 3538 quia
1814 3459 1897 3524 mihi
1911 3462 2104 3530 cremabitur

296 3551 500 3616 personarum
526 3540 595 3603 sine
617 3541 713 3604 dubio
735 3542 895 3609 rotaretur.
912 3544 985 3605 llam
999 3543 1091 3605 verba
1107 3543 1172 3621 illa,
1220 3554 1315 3606 annuo
1336 3561 1436 3624 penu.
1461 3545 1549 3606 horn.
1574 3543 1624 3606 lt.
1649 3540 1934 3606 Dmnesstnhimua
1948 3552 2025 3609 ante
2040 3551 2101 3612 tri·

301 3617 363 3693 Qtti
377 3627 422 3682 εει
434 3627 463 3684 ει
475 3625 534 3702 qui
548 3630 628 3694 erat,
643 3631 672 3686 ει
684 3626 743 3704 orti
756 3631 913 3688 uenturus
925 3631 982 3703 nah
996 3625 1098 3688 tribus
1108 3642 1171 3690 mo·
1220 3621 1324 3688 hunul
1342 3627 1467 3691 Christi.
1485 3625 1650 3705 Scriptum
1666 3628 1712 3686 est
1726 3624 1826 3686 enim:
1847 3625 2002 3706 Viuocpm
2016 3632 2100 3696 dieii
2207 3665 2212 3670 ·*

298 3703 347 3764 dis
369 3704 482 3781 exponi
504 3706 618 3768 solent.
634 3705 741 3770 Arelas
756 3721 887 3786 paenas
902 3709 933 3770 in
959 3711 988 3770 ι.
1006 3723 1074 3785 cap.
1092 3708 1171 3788 lpu·
1220 3703 1379 3773 Dominus
1395 3709 1555 3790 arconium
1568 3707 1651 3770 nemi
1664 3705 1809 3786 flectetur
1822 3722 1917 3772 omne
1931 3725 2031 3788 penu.
2044 3713 2099 3777 vt·

298 3784 358 3846 cal.
385 3786 478 3848 reteri
496 3786 557 3863 Qui
572 3794 616 3851 est
630 3789 668 3848 nd
684 3789 814 3866 Patrem3
835 3787 896 3865 ρει·
909 3797 978 3854 erat
992 3792 1029 3851 ad
1046 3790 1169 3872 litium3
1216 3787 1274 3851 das
1288 3793 1547 3870 quemadmodum
1563 3789 1711 3869 Apostoto
1724 3793 1813 3865 teste,
1828 3788 1968 3857 Christus
1980 3795 2095 3862 ostilio
2211 3801 2212 3854 t

300 3863 361 3941 Qrei
378 3869 473 3930 uenit
498 3869 558 3948 (sie
581 3871 665 3934 euim
679 3871 747 3950 ipse
763 3871 850 3952 legit)
866 3874 903 3935 ad
920 3872 1067 3954 Spiritum
1081 3890 1170 3937 sone·
1215 3869 1310 3946 Deus,
1329 3882 1560 3955 praeterquam
1576 3889 1638 3934 non
1654 3877 1702 3934 est
1716 3871 1795 3934 allus
1811 3873 1906 3936 Deus.

297 3955 373 4009 tum:
390 3955 422 4012 et
437 3968 498 4012 nou
515 3953 657 4015 dissimili
676 3954 794 4016 rationo
808 3961 925 4033 posset.
939 3957 1107 4037 autentici,
1121 3971 1168 4020 re·
1186 4024 1190 4032 ,
1256 3954 1402 4020 Decimus
1424 3959 1512 4021 locris
1533 3955 1630 4020 isaiae
1647 3955 1702 4017 ll.
1715 3952 1765 4015 lt.
1782 3953 1834 4017 tit.
1852 3957 1918 4036 Epo
1932 3971 2006 4022 stam
2019 3964 2090 4040 pri·

292 4029 374 4093 terre
390 4031 451 4108 ρει
463 4035 557 4096 estad
571 4035 855 4115 Patrem3Quierat
870 4040 908 4101 ad
923 4039 1170 4119 Spiritumsanc·
1212 4051 1304 4109 mm.
1328 4056 1385 4120 epo
1407 4041 1616 4104 neumaimus.
1639 4037 1723 4101 Haec
1744 4036 1890 4102 dicuntur
1910 4043 2026 4118 DlSSlffl
2049 4045 2093 4110 de

293 4118 370 4190 tum3
398 4114 460 4190 ρει
479 4123 636 4182 voraturus
656 4119 752 4181 estad
769 4119 891 4192 Filium.
908 4122 989 4185 Dedo
1005 4127 1034 4184 et
1049 4122 1167 4200 liuper·
1213 4117 1278 4182 Dco
1293 4121 1402 4186 Israel.
1417 4124 1512 4204 hpoc.
1528 4123 1558 4184 l.
1572 4121 1727 4200 tipasam
1739 4125 1801 4182 aet
1813 4139 1851 4183 ω.
1865 4121 1903 4183 at
1914 4121 2004 4187 inira:
2018 4127 2091 4206 tipo
2138 4189 2142 4196 .

292 4198 387 4258 tasin
406 4199 520 4279 l.cap.
544 4201 668 4281 hpocnl.
693 4203 1165 4271 totumhuucloeumdeDatre
1210 4207 1432 4285 sumpsimus
1454 4203 2091 4284 tenacissimusetmuuaettutmor-
2211 4249 2212 4278 t

292 4286 462 4356 exponunt,
489 4282 545 4344 sed
562 4283 591 4344 in
609 4283 708 4358 Dentre,
732 4291 858 4364 proptor
873 4293 998 4351 naturae
1014 4287 1163 4354 unitatem
1211 4291 1286 4350 tuus
1301 4295 1359 4352 ειε.
1756 4335 1761 4347 .

292 4359 470 4453 intelligunt
485 4365 575 4426 etiam
592 4366 703 4428 Filium
728 4373 760 4428 et
771 4366 917 4447 Spiritum
933 4376 1087 4434 sanctum.
1101 4370 1163 4450 Dp·
1252 4369 1443 4437 Undecimus
1461 4369 1551 4434 locus
1565 4367 1696 4433 llulacb.
1713 4367 1744 4430 3.
1759 4368 1842 4431 Dece
1854 4384 1911 4448 epo
1922 4371 2014 4436 mitto
2026 4375 2091 4442 ln·

277 4448 366 4505 bure
392 4452 493 4506 autern
520 4447 700 4521 Primanus,
717 4447 846 4529 haymo,
863 4457 936 4515 ets.
953 4452 1064 4514 rnna.
1081 4454 1113 4515 iu
1131 4455 1160 4518 ι.
1208 4451 1319 4532 petum
1338 4469 1460 4528 necant,
1483 4459 1513 4517 et
1531 4450 1747 4532 praeparabit
1767 4451 1857 4514 niam
1877 4457 1954 4516 ante
1967 4455 2089 4533 faeiem

292 4528 323 4584 et
338 4523 370 4585 l.
387 4541 457 4606 cap.
480 4525 605 4606 hpoeal.
623 4537 782 4606 exponunt
798 4534 923 4611 proprie
937 4534 976 4596 de
992 4534 1080 4608 Filio,
1100 4533 1163 4612 Qui
1207 4551 1327 4600 meam.
1344 4535 1401 4598 llic
1416 4535 1506 4600 etiam
1523 4535 1661 4613 loquitur
1675 4534 1756 4596 Deus
1768 4533 1877 4597 Israel:
1893 4551 1963 4598 uam
1976 4552 2093 4606 omnes

290 4611 337 4668 εει
359 4614 485 4701 propter
500 4610 790 4689 immutabilitatem
810 4612 872 4690 Qrti
886 4622 956 4680 erat
972 4622 1097 4695 propter
1110 4635 1161 4682 aa·
1208 4619 1347 4685 codices.
1372 4618 1544 4693 Haemona,
1568 4617 1717 4691 Graecus,
1735 4615 1922 4688 Chaldaeus.
1939 4619 2082 4698 Latinus,

293 4694 481 4769 teruttatem3
498 4698 536 4755 ει·
547 4690 608 4767 Qoei
630 4700 787 4757 uenturus
809 4703 866 4764 εει.
877 4706 1009 4779 ,propter
1025 4700 1161 4778 nequita-
1206 4699 1334 4763 bahent:
1353 4701 1431 4765 Ante
1448 4700 1568 4779 faciem
1581 4715 1701 4776 meam;
1718 4703 1864 4762 ettamen
1882 4698 2023 4766 Christus
2039 4705 2086 4784 ip·

289 4774 365 4832 tem:
382 4789 418 4836 ac
433 4772 480 4852 (ut
496 4780 581 4838 recte
597 4780 1159 4864 notatsanetusthomas)ouiachri·
1206 4797 1242 4846 se
1264 4783 1369 4846 llatth.
1394 4785 1443 4846 lt.
1467 4783 1530 4859 ait,
1553 4781 1706 4862 Angelum
1729 4780 1814 4845 huuc
1836 4797 1909 4846 esse
1930 4782 2085 4852 loannem

287 4857 355 4917 stus
376 4861 503 4936 propter
517 4858 620 4922 erneis
634 4858 823 4938 supplicium
840 4879 855 4922 a
870 4861 996 4927 iudaeis
1011 4864 1160 4928 credeba-
1204 4864 1382 4943 honustum,
1406 4865 1458 4945 qui
1478 4863 1669 4944 praepararit
1683 4863 1762 4926 viam
1779 4869 1851 4928 aule
1868 4865 1979 4930 inciam
1996 4866 2085 4933 Chri·

286 4941 348 5032 ιιιεΙ
362 4941 527 5014 extinctus,
551 4947 726 5022 opportune
749 4949 875 5007 sauctus
899 4944 1035 5008 loannes
1050 4947 1089 5010 dc
1106 4949 1159 5010 illo
1205 4949 1256 5009 sti.
1273 4945 1310 5010 m
1324 4947 1399 5011 Luc.
1419 4949 1447 5010 ι.
1464 4947 1626 5010 Zacharias
1642 4946 1694 5010 ait:
1707 4946 1854 5013 Praeihis
1869 4955 1946 5012 ante
1961 4949 2085 5028 faeiem

278 5017 375 5095 dveit,
405 5019 467 5096 Qui
487 5027 544 5100 est,
571 5026 657 5087 rivus
673 5025 830 5104 nimirurm
848 5033 879 5089 et
895 5025 956 5103 Qui
970 5028 1050 5102 erat,
1067 5031 1159 5092 etiam
1203 5028 1335 5094 Domini
1352 5046 1476 5110 parare
1496 5031 1567 5094 uias
1582 5029 1664 5107 ejus.
1682 5029 1762 5106 Quid
1777 5029 1907 5094 elariust
1924 5030 1980 5096 Cui
1994 5035 2094 5103 euim.

285 5107 451 5182 autequam
478 5111 657 5191 nasceretur
671 5121 710 5169 ex
724 5107 862 5188 Virgine,
879 5117 909 5171 et
925 5110 1158 5189 balneatorem
1203 5112 1342 5176 loannes
1356 5113 1435 5175 riam
1453 5113 1580 5192 pararit,
1599 5111 1658 5174 nisi
1675 5110 1814 5176 ltbristol

286 5189 341 5260 εει,
359 5187 396 5248 ad
413 5186 537 5267 impios,
554 5194 586 5250 et
602 5188 745 5252 iuhdelcs
764 5189 881 5254 meritis
896 5193 1007 5271 poenis
1021 5193 1157 5258 alhaico·
1246 5195 1308 5258 Sed
1332 5209 1446 5274 operae
1469 5194 1600 5274 pretium
1617 5193 1676 5256 erit
1690 5195 1806 5268 ridere,
1818 5193 1897 5272 'quid
1913 5193 2082 5263 adversarii

285 5265 355 5362 dos.
373 5267 434 5331 Sed
452 5279 554 5333 tamen
570 5269 601 5332 in
616 5270 708 5345 Filio,
724 5271 777 5352 qui
793 5273 880 5336 solus
892 5274 1055 5339 visibiliter
1066 5275 1096 5338 iu
1107 5277 1157 5356 ju·
1202 5277 1425 5356 respondeant.
1449 5277 1521 5338 llam
1544 5278 1601 5339 elsi
1625 5293 1686 5338 non
1702 5277 1895 5358 respondent
1909 5277 1947 5340 ad
1963 5282 2077 5359 omnia,

285 5347 366 5413 dvcto
391 5351 564 5431 apparebit,
590 5353 714 5417 venient
736 5354 828 5418 etiam
857 5353 1053 5421 invisibiliter
1070 5358 1158 5423 Pater
1203 5365 1305 5422 tamen
1328 5358 1365 5422 ad
1390 5359 1491 5438 aliqua
1521 5359 1714 5439 respondere
1743 5358 1844 5422 conati
1874 5365 1959 5424 suut.
1983 5361 2079 5442 lgitur

232 5437 233 5440 ’
286 5429 1157 5524 ειβρίεῑιεεεειιειεε.ΑεειοτίιεεεεὶιηῘεεὶεεεειίειειε
1204 5440 1402 5522 Trunsylraui
1420 5441 1475 5502 lih.
1489 5441 1522 5503 2.
1536 5457 1605 5521 cup.
1619 5441 1672 5506 td.
1686 5444 1856 5525 generatim
1874 5445 2074 5524 respondent,
2188 5493 2191 5500 .

282 5507 431 5574 Trvnrtate
458 5518 525 5595 erit,
554 5518 695 5597 quamvis
722 5519 823 5599 ipsum
848 5521 1002 5600 judicium
1017 5522 1156 5587 iulormn
1201 5539 1296 5604 posse
1319 5524 1358 5588 de
1380 5521 1501 5587 Christo
1524 5524 1650 5605 exponi,
1674 5541 1753 5605 quae
1775 5525 1814 5588 da
1836 5524 1901 5588 Deo
1917 5525 2076 5605 dicuutur,

277 5592 419 5690 leuraam
435 5597 521 5660 solus
537 5599 634 5663 Filius
651 5600 820 5666 exercebit.
835 5602 943 5682 Pater,
960 5605 1044 5669 enim
1059 5621 1156 5672 omna
1201 5607 1272 5686 qnia
1294 5606 1379 5670 Dens
1401 5604 1523 5669 cbristo
1546 5623 1634 5670 suam
1657 5607 1801 5670 deitatem
1824 5609 2076 5678 communicarit.

274 5677 446 5772 pudtcmm
460 5679 551 5742 dedit
564 5683 659 5746 retia.
675 5684 725 5748 lo.
743 5685 773 5747 5.
1199 5689 1320 5753 Deinde
1333 5689 1364 5752 iu
1377 5689 1566 5769 particulari.
1579 5689 1625 5752 hd
1638 5689 1772 5752 Primum
1785 5691 1991 5769 'respondean
2004 5707 2077 5757 seu·

320 5755 479 5836 Septimus
502 5761 591 5824 locus
614 5765 712 5828 lastae
727 5767 758 5830 S.
774 5765 933 5833 Dumium
947 5772 1156 5836 emereituum
1201 5787 1270 5834 sum
1293 5787 1376 5845 essa,
1400 5772 1469 5836 tlon
1491 5777 1649 5836 tentemus
1661 5787 1723 5835 nos
1737 5779 1886 5836 nostrum
1903 5773 2078 5854 Christum,

280 5839 395 5917 ipsum
407 5841 620 5920 sanctificate,
635 5848 706 5924 ipse
718 5867 824 5928 paror
837 5858 948 5926 uester,
966 5861 995 5917 ct
1009 5855 1079 5933 ipae
1093 5859 1154 5918 ter·
1199 5855 1285 5918 sietd
1298 5856 1350 5918 itti
1365 5860 1572 5918 tentaverunt
1589 5855 1692 5918 Deum
1705 5869 1815 5918 suum
1827 5855 1901 5930 Vel,
1918 5855 1962 5919 hle
1978 5861 2077 5922 tente-

281 5937 342 5984 ror
353 5927 468 5988 uester:
482 5933 511 5989 et
522 5927 583 5988 erit
592 5927 680 5990 uobis
691 5932 728 5993 in
738 5932 1041 6014 sanctificationem:
1056 5937 1096 6000 ln
1107 5936 1155 6000 la·
1198 5951 1273 6000 mm
1293 5953 1330 6001 re
1350 5939 1426 6018 ipsa
1451 5937 1621 6013 Christum,
1644 5937 1728 6000 sieut
1747 5938 1799 6000 illi
1817 5945 2024 6003 tentaveram
2036 5943 2077 6006 in

276 6004 392 6084 pidem
403 6012 514 6074 autem
525 6007 724 6090 offensionis,
735 6019 1154 6093 etpetramseandalidua·
1196 6017 1311 6102 iipttra
1332 6021 1474 6086 eundem
1493 6019 1662 6085 Christum.
1679 6019 1752 6084 Nam
1769 6021 1800 6086 iu
1817 6021 1927 6086 eodem
1944 6020 2014 6086 loco
2028 6023 2077 6088 di·
