<?xml version="1.0" encoding="UTF-8"?>
<!DOCTYPE html PUBLIC "-//W3C//DTD XHTML 1.0 Transitional//EN"
    "http://www.w3.org/TR/xhtml1/DTD/xhtml1-transitional.dtd">
<html xmlns="http://www.w3.org/1999/xhtml" xml:lang="en" lang="en">
 <head>
  <title>
</title>
<meta http-equiv="Content-Type" content="text/html;charset=utf-8" />
  <meta name='ocr-system' content='tesseract 3.04.00' />
  <meta name='ocr-capabilities' content='ocr_page ocr_carea ocr_par ocr_line ocrx_word'/>
</head>
<body>
  <div class='ocr_page' id='page_1' title='image "./operaomnia01sforgoog/operaomnia01sforgoog_0565.png"; bbox 0 0 4792 7009; ppageno 0'>
   <div class='ocr_carea' id='block_1_1' title="bbox 1032 1502 1333 1703">
    <p class='ocr_par' dir='ltr' id='par_1_1' title="bbox 1032 1502 1333 1703">
     <span class='ocr_line' id='line_1_1' title="bbox 1032 1502 1333 1703; baseline 0.007 -76"><span class='ocrx_word' id='word_1_1' title='bbox 1032 1502 1333 1703; x_wconf 82' lang='grc'><strong>444444</strong></span> 
     </span>
    </p>
   </div>
   <div class='ocr_carea' id='block_1_2' title="bbox 770 1988 1580 2103">
    <p class='ocr_par' dir='ltr' id='par_1_2' title="bbox 770 1988 1580 2103">
     <span class='ocr_line' id='line_1_2' title="bbox 770 1988 1580 2103; baseline 0.01 -10"><span class='ocrx_word' id='word_1_2' title='bbox 770 1988 1027 2096; x_wconf 78' lang='lat' dir='ltr'><strong>RERUM</strong></span> <span class='ocrx_word' id='word_1_3' title='bbox 1098 1991 1580 2103; x_wconf 82' lang='lat' dir='ltr'><strong>tttrtntrtbttltt</strong></span> 
     </span>
    </p>
   </div>
   <div class='ocr_carea' id='block_1_3' title="bbox 272 3128 2082 6082">
    <p class='ocr_par' dir='ltr' id='par_1_3' title="bbox 710 3128 2070 3211">
     <span class='ocr_line' id='line_1_3' title="bbox 710 3128 2070 3211; baseline -0.001 -16"><span class='ocrx_word' id='word_1_4' title='bbox 710 3132 730 3195; x_wconf 87' lang='lat' dir='ltr'><strong>A</strong></span> <span class='ocrx_word' id='word_1_5' title='bbox 1197 3128 1605 3209; x_wconf 78' lang='lat' dir='ltr'><strong>Anpetorumetbominum</strong></span> <span class='ocrx_word' id='word_1_6' title='bbox 1634 3129 1901 3211; x_wconf 75' lang='lat' dir='ltr'><strong>caputcbristus.</strong></span> <span class='ocrx_word' id='word_1_7' title='bbox 1932 3130 2003 3194; x_wconf 88' lang='grc'><strong>228.</strong></span> <span class='ocrx_word' id='word_1_8' title='bbox 2032 3148 2070 3194; x_wconf 85' lang='grc'><strong>44</strong></span> 
     </span>
    </p>

    <p class='ocr_par' dir='ltr' id='par_1_4' title="bbox 1238 3214 2066 3296">
     <span class='ocr_line' id='line_1_4' title="bbox 1238 3214 2066 3296; baseline 0.002 -22"><span class='ocrx_word' id='word_1_9' title='bbox 1238 3214 1356 3291; x_wconf 85' lang='lat' dir='ltr'><strong>quibus</strong></span> <span class='ocrx_word' id='word_1_10' title='bbox 1374 3214 1494 3277; x_wconf 89' lang='lat' dir='ltr'><strong>meritis</strong></span> <span class='ocrx_word' id='word_1_11' title='bbox 1510 3215 1539 3275; x_wconf 91' lang='lat' dir='ltr'><strong>id</strong></span> <span class='ocrx_word' id='word_1_12' title='bbox 1557 3221 1603 3274; x_wconf 85' lang='lat' dir='ltr'><strong>est</strong></span> <span class='ocrx_word' id='word_1_13' title='bbox 1618 3223 1806 3296; x_wconf 84' lang='lat' dir='ltr'><strong>assequutus</strong></span> <span class='ocrx_word' id='word_1_14' title='bbox 1823 3215 1974 3277; x_wconf 84' lang='lat' dir='ltr'><strong>cbristus</strong></span> <span class='ocrx_word' id='word_1_15' title='bbox 1993 3216 2066 3276; x_wconf 91' lang='grc'><strong>228.</strong></span> 
     </span>
    </p>

    <p class='ocr_par' dir='ltr' id='par_1_5' title="bbox 272 3292 2069 3457">
     <span class='ocr_line' id='line_1_5' title="bbox 272 3292 2069 3377; baseline -0.002 -14"><span class='ocrx_word' id='word_1_16' title='bbox 272 3300 380 3363; x_wconf 85' lang='lat' dir='ltr'><strong>Aaron</strong></span> <span class='ocrx_word' id='word_1_17' title='bbox 398 3302 599 3362; x_wconf 84' lang='lat' dir='ltr'><strong>consecratus</strong></span> <span class='ocrx_word' id='word_1_18' title='bbox 613 3296 753 3362; x_wconf 84' lang='lat' dir='ltr'><strong>Pontilex</strong></span> <span class='ocrx_word' id='word_1_19' title='bbox 768 3312 783 3357; x_wconf 91' lang='lat' dir='ltr'><strong>a</strong></span> <span class='ocrx_word' id='word_1_20' title='bbox 800 3292 905 3375; x_wconf 81' lang='grc'><strong>444444</strong></span> <span class='ocrx_word' id='word_1_21' title='bbox 927 3312 999 3376; x_wconf 76' lang='lat' dir='ltr'><strong>pag.</strong></span> <span class='ocrx_word' id='word_1_22' title='bbox 1014 3295 1088 3359; x_wconf 86' lang='grc'><strong>324.</strong></span> <span class='ocrx_word' id='word_1_23' title='bbox 1195 3294 1274 3357; x_wconf 86' lang='grc'><strong>4444</strong></span> <span class='ocrx_word' id='word_1_24' title='bbox 1290 3296 1481 3375; x_wconf 77' lang='lat' dir='ltr'>Angelorum</span> <span class='ocrx_word' id='word_1_25' title='bbox 1498 3295 1638 3359; x_wconf 76' lang='lat' dir='ltr'><strong>Ecclesia</strong></span> <span class='ocrx_word' id='word_1_26' title='bbox 1669 3298 1762 3360; x_wconf 87' lang='lat' dir='ltr'><strong>babel</strong></span> <span class='ocrx_word' id='word_1_27' title='bbox 1788 3314 1878 3361; x_wconf 88' lang='lat' dir='ltr'><strong>suurn</strong></span> <span class='ocrx_word' id='word_1_28' title='bbox 1908 3300 2069 3377; x_wconf 91' lang='lat' dir='ltr'><strong>proprium</strong></span> 
     </span>
     <span class='ocr_line' id='line_1_6' title="bbox 273 3374 1748 3457; baseline -0.001 -14"><span class='ocrx_word' id='word_1_29' title='bbox 273 3384 377 3445; x_wconf 87' lang='lat' dir='ltr'><strong>Aaron</strong></span> <span class='ocrx_word' id='word_1_30' title='bbox 394 3398 456 3444; x_wconf 92' lang='grc'><strong>444</strong></span> <span class='ocrx_word' id='word_1_31' title='bbox 473 3382 574 3444; x_wconf 91' lang='lat' dir='ltr'><strong>sotum</strong></span> <span class='ocrx_word' id='word_1_32' title='bbox 590 3378 701 3443; x_wconf 83' lang='grc'><strong>84444444</strong></span> <span class='ocrx_word' id='word_1_33' title='bbox 716 3379 847 3457; x_wconf 84' lang='grc'><strong>44444444</strong></span> <span class='ocrx_word' id='word_1_34' title='bbox 864 3378 973 3455; x_wconf 75' lang='lat' dir='ltr'><strong>pessit.</strong></span> <span class='ocrx_word' id='word_1_35' title='bbox 989 3384 1045 3440; x_wconf 74' lang='lat' dir='ltr'><strong>sert</strong></span> <span class='ocrx_word' id='word_1_36' title='bbox 1073 3374 1153 3439; x_wconf 86' lang='lat' dir='ltr'><strong>Petri</strong></span> <span class='ocrx_word' id='word_1_37' title='bbox 1239 3385 1331 3457; x_wconf 89' lang='lat' dir='ltr'><strong>caput</strong></span> <span class='ocrx_word' id='word_1_38' title='bbox 1348 3393 1463 3457; x_wconf 82' lang='lat' dir='ltr'>nempe</span> <span class='ocrx_word' id='word_1_39' title='bbox 1479 3377 1660 3441; x_wconf 80' lang='lat' dir='ltr'><strong>lticbletem</strong></span> <span class='ocrx_word' id='word_1_40' title='bbox 1677 3380 1748 3443; x_wconf 90' lang='grc'><strong>324.</strong></span> 
     </span>
    </p>

    <p class='ocr_par' dir='ltr' id='par_1_6' title="bbox 334 3458 1822 3544">
     <span class='ocr_line' id='line_1_7' title="bbox 334 3458 1822 3544; baseline -0.003 -17"><span class='ocrx_word' id='word_1_41' title='bbox 334 3478 459 3544; x_wconf 87' lang='lat' dir='ltr'><strong>quoque</strong></span> <span class='ocrx_word' id='word_1_42' title='bbox 475 3470 505 3526; x_wconf 93' lang='lat' dir='ltr'><strong>el</strong></span> <span class='ocrx_word' id='word_1_43' title='bbox 520 3476 739 3527; x_wconf 80' lang='lat' dir='ltr'><strong>successorum</strong></span> <span class='ocrx_word' id='word_1_44' title='bbox 759 3458 900 3537; x_wconf 73' lang='lat' dir='ltr'><strong>siusili</strong></span> <span class='ocrx_word' id='word_1_45' title='bbox 919 3461 1032 3523; x_wconf 86' lang='grc'><strong>44442.</strong></span> <span class='ocrx_word' id='word_1_46' title='bbox 1198 3458 1316 3541; x_wconf 73' lang='lat' dir='ltr'><strong>Augias</strong></span> <span class='ocrx_word' id='word_1_47' title='bbox 1331 3460 1485 3522; x_wconf 88' lang='lat' dir='ltr'><strong>convertit</strong></span> <span class='ocrx_word' id='word_1_48' title='bbox 1500 3478 1527 3522; x_wconf 91' lang='lat' dir='ltr'><strong>s.</strong></span> <span class='ocrx_word' id='word_1_49' title='bbox 1544 3462 1734 3540; x_wconf 79' lang='lat' dir='ltr'><strong>Augustinus</strong></span> <span class='ocrx_word' id='word_1_50' title='bbox 1749 3459 1822 3524; x_wconf 90' lang='grc'><strong>328.</strong></span> 
     </span>
    </p>

    <p class='ocr_par' dir='ltr' id='par_1_7' title="bbox 273 3540 2071 3637">
     <span class='ocr_line' id='line_1_8' title="bbox 273 3540 2071 3637; baseline -0.004 -27"><span class='ocrx_word' id='word_1_51' title='bbox 273 3547 420 3610; x_wconf 81' lang='lat' dir='ltr'><strong>Abrabae</strong></span> <span class='ocrx_word' id='word_1_52' title='bbox 437 3546 537 3609; x_wconf 91' lang='lat' dir='ltr'><strong>sinus.</strong></span> <span class='ocrx_word' id='word_1_53' title='bbox 556 3544 629 3608; x_wconf 90' lang='grc'><strong>248.</strong></span> <span class='ocrx_word' id='word_1_54' title='bbox 646 3543 720 3607; x_wconf 90' lang='grc'><strong>284.</strong></span> <span class='ocrx_word' id='word_1_55' title='bbox 736 3542 810 3605; x_wconf 89' lang='grc'><strong>288.</strong></span> <span class='ocrx_word' id='word_1_56' title='bbox 827 3542 910 3621; x_wconf 82' lang='lat' dir='ltr'><strong>Quae</strong></span> <span class='ocrx_word' id='word_1_57' title='bbox 934 3546 1054 3607; x_wconf 87' lang='lat' dir='ltr'><strong>animae</strong></span> <span class='ocrx_word' id='word_1_58' title='bbox 1077 3540 1152 3602; x_wconf 90' lang='lat' dir='ltr'><strong>libe·</strong></span> <span class='ocrx_word' id='word_1_59' title='bbox 1197 3541 1305 3603; x_wconf 89' lang='lat' dir='ltr'><strong>Anima</strong></span> <span class='ocrx_word' id='word_1_60' title='bbox 1323 3541 1435 3605; x_wconf 82' lang='grc'><strong>84444444</strong></span> <span class='ocrx_word' id='word_1_61' title='bbox 1450 3542 1519 3603; x_wconf 89' lang='grc'><strong>48</strong></span> <span class='ocrx_word' id='word_1_62' title='bbox 1503 3559 1578 3637; x_wconf 64' lang='lat' dir='ltr'><strong>ipsa</strong></span> <span class='ocrx_word' id='word_1_63' title='bbox 1609 3560 1663 3607; x_wconf 84' lang='lat' dir='ltr'><strong>sna</strong></span> <span class='ocrx_word' id='word_1_64' title='bbox 1690 3543 1848 3606; x_wconf 74' lang='lat' dir='ltr'><strong>creatione</strong></span> <span class='ocrx_word' id='word_1_65' title='bbox 1877 3544 1997 3621; x_wconf 88' lang='lat' dir='ltr'><strong>repleta</strong></span> <span class='ocrx_word' id='word_1_66' title='bbox 2023 3547 2071 3603; x_wconf 84' lang='lat' dir='ltr'><strong>est</strong></span> 
     </span>
    </p>

    <p class='ocr_par' dir='ltr' id='par_1_8' title="bbox 320 3624 2073 3704">
     <span class='ocr_line' id='line_1_9' title="bbox 320 3624 2073 3704; baseline -0.003 -13"><span class='ocrx_word' id='word_1_67' title='bbox 320 3626 491 3691; x_wconf 89' lang='grc'><strong>44444288.</strong></span> <span class='ocrx_word' id='word_1_68' title='bbox 1242 3625 1372 3687; x_wconf 87' lang='lat' dir='ltr'><strong>seientia</strong></span> <span class='ocrx_word' id='word_1_69' title='bbox 1388 3624 1707 3704; x_wconf 60' lang='lat' dir='ltr'><strong>cognitamento</strong></span> <span class='ocrx_word' id='word_1_70' title='bbox 1723 3625 1886 3688; x_wconf 85' lang='lat' dir='ltr'><strong>descendit</strong></span> <span class='ocrx_word' id='word_1_71' title='bbox 1901 3626 1938 3687; x_wconf 87' lang='lat' dir='ltr'><strong>erl</strong></span> <span class='ocrx_word' id='word_1_72' title='bbox 1955 3625 2073 3687; x_wconf 86' lang='lat' dir='ltr'><strong>interos</strong></span> 
     </span>
    </p>

    <p class='ocr_par' dir='ltr' id='par_1_9' title="bbox 274 3706 2073 4198">
     <span class='ocr_line' id='line_1_10' title="bbox 274 3706 2073 3789; baseline -0.002 -18"><span class='ocrx_word' id='word_1_73' title='bbox 274 3710 418 3789; x_wconf 84' lang='grc'><strong>44444444</strong></span> <span class='ocrx_word' id='word_1_74' title='bbox 433 3708 506 3773; x_wconf 91' lang='grc'><strong>248.</strong></span> <span class='ocrx_word' id='word_1_75' title='bbox 522 3708 595 3771; x_wconf 85' lang='grc'><strong>242.</strong></span> <span class='ocrx_word' id='word_1_76' title='bbox 1242 3706 1315 3769; x_wconf 88' lang='grc'><strong>248.</strong></span> <span class='ocrx_word' id='word_1_77' title='bbox 1320 3712 1351 3769; x_wconf 88' lang='grc'><strong>44</strong></span> <span class='ocrx_word' id='word_1_78' title='bbox 1365 3706 1407 3768; x_wconf 89' lang='lat' dir='ltr'><strong>ibi</strong></span> <span class='ocrx_word' id='word_1_79' title='bbox 1420 3722 1482 3768; x_wconf 91' lang='lat' dir='ltr'><strong>nen</strong></span> <span class='ocrx_word' id='word_1_80' title='bbox 1495 3706 1622 3785; x_wconf 86' lang='lat' dir='ltr'><strong>pertulit</strong></span> <span class='ocrx_word' id='word_1_81' title='bbox 1634 3724 1753 3786; x_wconf 89' lang='lat' dir='ltr'><strong>poenas</strong></span> <span class='ocrx_word' id='word_1_82' title='bbox 1765 3708 1992 3772; x_wconf 86' lang='lat' dir='ltr'><strong>damnatorum.</strong></span> <span class='ocrx_word' id='word_1_83' title='bbox 1999 3707 2073 3769; x_wconf 88' lang='grc'><strong>284.</strong></span> 
     </span>
     <span class='ocr_line' id='line_1_11' title="bbox 275 3788 1834 3869; baseline -0.001 -16"><span class='ocrx_word' id='word_1_84' title='bbox 275 3792 407 3855; x_wconf 86' lang='grc'><strong>44444444</strong></span> <span class='ocrx_word' id='word_1_85' title='bbox 421 3790 572 3854; x_wconf 83' lang='grc'><strong>4444444444</strong></span> <span class='ocrx_word' id='word_1_86' title='bbox 589 3805 675 3853; x_wconf 91' lang='grc'><strong>44444</strong></span> <span class='ocrx_word' id='word_1_87' title='bbox 690 3790 740 3853; x_wconf 83' lang='grc'><strong>58.</strong></span> <span class='ocrx_word' id='word_1_88' title='bbox 1201 3789 1308 3850; x_wconf 86' lang='lat' dir='ltr'><strong>Anima</strong></span> <span class='ocrx_word' id='word_1_89' title='bbox 1330 3788 1482 3850; x_wconf 83' lang='lat' dir='ltr'>Samuelis</span> <span class='ocrx_word' id='word_1_90' title='bbox 1498 3789 1640 3869; x_wconf 88' lang='lat' dir='ltr'><strong>apparuit</strong></span> <span class='ocrx_word' id='word_1_91' title='bbox 1662 3789 1748 3853; x_wconf 89' lang='lat' dir='ltr'><strong>Sauli</strong></span> <span class='ocrx_word' id='word_1_92' title='bbox 1760 3790 1834 3851; x_wconf 95' lang='grc'><strong>244.</strong></span> 
     </span>
     <span class='ocr_line' id='line_1_12' title="bbox 277 3870 2070 3951; baseline 0 -18"><span class='ocrx_word' id='word_1_93' title='bbox 277 3874 425 3935; x_wconf 88' lang='grc'><strong>44444444</strong></span> <span class='ocrx_word' id='word_1_94' title='bbox 440 3874 644 3935; x_wconf 83' lang='grc'><strong>4444444444</strong></span> <span class='ocrx_word' id='word_1_95' title='bbox 660 3874 691 3935; x_wconf 90' lang='grc'><strong>44</strong></span> <span class='ocrx_word' id='word_1_96' title='bbox 705 3872 771 3934; x_wconf 85' lang='grc'><strong>4444</strong></span> <span class='ocrx_word' id='word_1_97' title='bbox 783 3871 857 3933; x_wconf 88' lang='grc'><strong>246.</strong></span> <span class='ocrx_word' id='word_1_98' title='bbox 1199 3871 1305 3932; x_wconf 85' lang='lat' dir='ltr'><strong>Anima</strong></span> <span class='ocrx_word' id='word_1_99' title='bbox 1321 3870 1598 3950; x_wconf 66' lang='lat' dir='ltr'><strong>supernaturaliter</strong></span> <span class='ocrx_word' id='word_1_100' title='bbox 1613 3879 1714 3949; x_wconf 86' lang='lat' dir='ltr'><strong>potest</strong></span> <span class='ocrx_word' id='word_1_101' title='bbox 1729 3886 1891 3951; x_wconf 81' lang='lat' dir='ltr'><strong>apparere,</strong></span> <span class='ocrx_word' id='word_1_102' title='bbox 1909 3877 1941 3933; x_wconf 90' lang='grc'><strong>44</strong></span> <span class='ocrx_word' id='word_1_103' title='bbox 1962 3886 2070 3951; x_wconf 87' lang='grc'><strong>444444-</strong></span> 
     </span>
     <span class='ocr_line' id='line_1_13' title="bbox 279 3952 2072 4034; baseline -0.001 -17"><span class='ocrx_word' id='word_1_104' title='bbox 279 3958 373 4018; x_wconf 87' lang='lat' dir='ltr'><strong>Actus</strong></span> <span class='ocrx_word' id='word_1_105' title='bbox 390 3954 571 4017; x_wconf 84' lang='lat' dir='ltr'><strong>indtllerans</strong></span> <span class='ocrx_word' id='word_1_106' title='bbox 584 3953 650 4023; x_wconf 84' lang='lat' dir='ltr'><strong>lteri</strong></span> <span class='ocrx_word' id='word_1_107' title='bbox 666 3961 769 4034; x_wconf 89' lang='lat' dir='ltr'><strong>potest</strong></span> <span class='ocrx_word' id='word_1_108' title='bbox 781 3952 979 4016; x_wconf 87' lang='lat' dir='ltr'><strong>necessarius</strong></span> <span class='ocrx_word' id='word_1_109' title='bbox 1003 3952 1076 4016; x_wconf 88' lang='grc'><strong>588.</strong></span> <span class='ocrx_word' id='word_1_110' title='bbox 1242 3953 1266 4015; x_wconf 88' lang='grc'><strong>44</strong></span> <span class='ocrx_word' id='word_1_111' title='bbox 1282 3958 1364 4014; x_wconf 85' lang='lat' dir='ltr'><strong>extra</strong></span> <span class='ocrx_word' id='word_1_112' title='bbox 1380 3968 1470 4014; x_wconf 89' lang='lat' dir='ltr'><strong>suum</strong></span> <span class='ocrx_word' id='word_1_113' title='bbox 1493 3968 1607 4031; x_wconf 88' lang='lat' dir='ltr'><strong>corpus</strong></span> <span class='ocrx_word' id='word_1_114' title='bbox 1632 3952 1705 4015; x_wconf 90' lang='grc'><strong>285.</strong></span> <span class='ocrx_word' id='word_1_115' title='bbox 1719 3970 1756 4014; x_wconf 89' lang='lat' dir='ltr'><strong>an</strong></span> <span class='ocrx_word' id='word_1_116' title='bbox 1770 3955 1811 4016; x_wconf 92' lang='lat' dir='ltr'><strong>sit</strong></span> <span class='ocrx_word' id='word_1_117' title='bbox 1839 3954 1869 4014; x_wconf 89' lang='lat' dir='ltr'><strong>in</strong></span> <span class='ocrx_word' id='word_1_118' title='bbox 1886 3956 1955 4015; x_wconf 93' lang='lat' dir='ltr'><strong>toco</strong></span> <span class='ocrx_word' id='word_1_119' title='bbox 1969 3968 2072 4032; x_wconf 91' lang='lat' dir='ltr'><strong>pero·</strong></span> 
     </span>
     <span class='ocr_line' id='line_1_14' title="bbox 280 4033 2074 4116; baseline -0.001 -17"><span class='ocrx_word' id='word_1_120' title='bbox 280 4038 460 4099; x_wconf 76' lang='lat' dir='ltr'><strong>Accidens</strong></span> <span class='ocrx_word' id='word_1_121' title='bbox 453 4054 484 4099; x_wconf 91' lang='lat' dir='ltr'><strong>rn</strong></span> <span class='ocrx_word' id='word_1_122' title='bbox 500 4037 565 4099; x_wconf 87' lang='lat' dir='ltr'><strong>Deo</strong></span> <span class='ocrx_word' id='word_1_123' title='bbox 581 4052 652 4099; x_wconf 90' lang='lat' dir='ltr'><strong>esse</strong></span> <span class='ocrx_word' id='word_1_124' title='bbox 668 4053 729 4099; x_wconf 93' lang='lat' dir='ltr'><strong>non</strong></span> <span class='ocrx_word' id='word_1_125' title='bbox 747 4042 848 4115; x_wconf 88' lang='lat' dir='ltr'><strong>otest</strong></span> <span class='ocrx_word' id='word_1_126' title='bbox 862 4034 935 4097; x_wconf 87' lang='grc'><strong>284</strong></span> <span class='ocrx_word' id='word_1_127' title='bbox 958 4036 1032 4099; x_wconf 90' lang='grc'><strong>248.</strong></span> <span class='ocrx_word' id='word_1_128' title='bbox 1241 4034 1445 4114; x_wconf 85' lang='lat' dir='ltr'><strong>perationem.</strong></span> <span class='ocrx_word' id='word_1_129' title='bbox 1463 4033 1539 4097; x_wconf 86' lang='lat' dir='ltr'><strong>ibid.</strong></span> <span class='ocrx_word' id='word_1_130' title='bbox 1563 4034 1931 4099; x_wconf 87' lang='lat' dir='ltr'><strong>niderariasanimarum</strong></span> <span class='ocrx_word' id='word_1_131' title='bbox 1953 4036 2074 4116; x_wconf 90' lang='lat' dir='ltr'><strong>appari·</strong></span> 
     </span>
     <span class='ocr_line' id='line_1_15' title="bbox 280 4115 1518 4198; baseline -0.002 -17"><span class='ocrx_word' id='word_1_132' title='bbox 280 4120 426 4181; x_wconf 85' lang='grc'><strong>44444444</strong></span> <span class='ocrx_word' id='word_1_133' title='bbox 437 4118 544 4181; x_wconf 87' lang='grc'><strong>4444444</strong></span> <span class='ocrx_word' id='word_1_134' title='bbox 557 4118 615 4181; x_wconf 86' lang='lat' dir='ltr'><strong>soti</strong></span> <span class='ocrx_word' id='word_1_135' title='bbox 632 4118 698 4182; x_wconf 88' lang='lat' dir='ltr'><strong>Deo</strong></span> <span class='ocrx_word' id='word_1_136' title='bbox 724 4118 848 4198; x_wconf 86' lang='lat' dir='ltr'><strong>propria</strong></span> <span class='ocrx_word' id='word_1_137' title='bbox 871 4118 942 4181; x_wconf 91' lang='grc'><strong>444.</strong></span> <span class='ocrx_word' id='word_1_138' title='bbox 959 4120 1052 4181; x_wconf 86' lang='lat' dir='ltr'><strong>etiem</strong></span> <span class='ocrx_word' id='word_1_139' title='bbox 1068 4119 1154 4183; x_wconf 84' lang='lat' dir='ltr'><strong>curt·</strong></span> <span class='ocrx_word' id='word_1_140' title='bbox 1242 4117 1342 4179; x_wconf 86' lang='lat' dir='ltr'><strong>tiones</strong></span> <span class='ocrx_word' id='word_1_141' title='bbox 1356 4116 1429 4178; x_wconf 90' lang='grc'><strong>452.</strong></span> <span class='ocrx_word' id='word_1_142' title='bbox 1446 4115 1518 4179; x_wconf 87' lang='grc'><strong>483</strong></span> 
     </span>
    </p>

    <p class='ocr_par' dir='ltr' id='par_1_10' title="bbox 282 4198 2076 4362">
     <span class='ocr_line' id='line_1_16' title="bbox 322 4198 2076 4280; baseline 0 -18"><span class='ocrx_word' id='word_1_143' title='bbox 322 4207 370 4263; x_wconf 89' lang='lat' dir='ltr'><strong>stu</strong></span> <span class='ocrx_word' id='word_1_144' title='bbox 386 4202 531 4264; x_wconf 84' lang='grc'><strong>44444444</strong></span> <span class='ocrx_word' id='word_1_145' title='bbox 546 4200 622 4262; x_wconf 86' lang='lat' dir='ltr'><strong>ibid.</strong></span> <span class='ocrx_word' id='word_1_146' title='bbox 1201 4200 1308 4262; x_wconf 88' lang='lat' dir='ltr'><strong>Anima</strong></span> <span class='ocrx_word' id='word_1_147' title='bbox 1322 4216 1361 4260; x_wconf 90' lang='grc'><strong>44</strong></span> <span class='ocrx_word' id='word_1_148' title='bbox 1377 4198 1544 4279; x_wconf 86' lang='lat' dir='ltr'><strong>aliquanda</strong></span> <span class='ocrx_word' id='word_1_149' title='bbox 1556 4213 1615 4278; x_wconf 89' lang='lat' dir='ltr'><strong>pro</strong></span> <span class='ocrx_word' id='word_1_150' title='bbox 1644 4215 1775 4279; x_wconf 84' lang='lat' dir='ltr'><strong>corpere</strong></span> <span class='ocrx_word' id='word_1_151' title='bbox 1799 4200 1917 4280; x_wconf 84' lang='lat' dir='ltr'><strong>tropice</strong></span> <span class='ocrx_word' id='word_1_152' title='bbox 1939 4200 2076 4279; x_wconf 87' lang='lat' dir='ltr'><strong>accipia-</strong></span> 
     </span>
     <span class='ocr_line' id='line_1_17' title="bbox 282 4280 1504 4362; baseline 0.001 -19"><span class='ocrx_word' id='word_1_153' title='bbox 282 4283 416 4359; x_wconf 85' lang='lat' dir='ltr'><strong>Adriano</strong></span> <span class='ocrx_word' id='word_1_154' title='bbox 432 4283 619 4362; x_wconf 89' lang='lat' dir='ltr'><strong>imperatore</strong></span> <span class='ocrx_word' id='word_1_155' title='bbox 632 4282 709 4345; x_wconf 88' lang='lat' dir='ltr'><strong>lacta</strong></span> <span class='ocrx_word' id='word_1_156' title='bbox 722 4289 770 4346; x_wconf 88' lang='lat' dir='ltr'><strong>est</strong></span> <span class='ocrx_word' id='word_1_157' title='bbox 787 4280 945 4345; x_wconf 88' lang='grc'><strong>4444444444</strong></span> <span class='ocrx_word' id='word_1_158' title='bbox 967 4281 1158 4348; x_wconf 81' lang='lat' dir='ltr'><strong>Testamenti</strong></span> <span class='ocrx_word' id='word_1_159' title='bbox 1242 4280 1376 4343; x_wconf 88' lang='grc'><strong>444242.</strong></span> <span class='ocrx_word' id='word_1_160' title='bbox 1390 4286 1421 4343; x_wconf 90' lang='grc'><strong>44</strong></span> <span class='ocrx_word' id='word_1_161' title='bbox 1434 4296 1504 4360; x_wconf 83' lang='grc'><strong>444.</strong></span> 
     </span>
    </p>

    <p class='ocr_par' dir='ltr' id='par_1_11' title="bbox 279 4360 2078 4691">
     <span class='ocr_line' id='line_1_18' title="bbox 323 4360 2074 4443; baseline 0.002 -17"><span class='ocrx_word' id='word_1_162' title='bbox 323 4365 438 4427; x_wconf 83' lang='lat' dir='ltr'><strong>veteris</strong></span> <span class='ocrx_word' id='word_1_163' title='bbox 456 4366 494 4427; x_wconf 91' lang='lat' dir='ltr'><strong>ab</strong></span> <span class='ocrx_word' id='word_1_164' title='bbox 507 4364 613 4442; x_wconf 80' lang='lat' dir='ltr'><strong>Aquita</strong></span> <span class='ocrx_word' id='word_1_165' title='bbox 629 4364 757 4429; x_wconf 83' lang='lat' dir='ltr'><strong>Pontico</strong></span> <span class='ocrx_word' id='word_1_166' title='bbox 770 4363 823 4426; x_wconf 87' lang='grc'><strong>84.</strong></span> <span class='ocrx_word' id='word_1_167' title='bbox 1202 4364 1328 4425; x_wconf 83' lang='lat' dir='ltr'><strong>Animae</strong></span> <span class='ocrx_word' id='word_1_168' title='bbox 1342 4362 1463 4443; x_wconf 90' lang='lat' dir='ltr'><strong>piorum</strong></span> <span class='ocrx_word' id='word_1_169' title='bbox 1479 4368 1551 4425; x_wconf 91' lang='lat' dir='ltr'><strong>anle</strong></span> <span class='ocrx_word' id='word_1_170' title='bbox 1566 4360 1680 4427; x_wconf 85' lang='lat' dir='ltr'><strong>Christi</strong></span> <span class='ocrx_word' id='word_1_171' title='bbox 1694 4363 1911 4427; x_wconf 87' lang='lat' dir='ltr'><strong>ascensionem</strong></span> <span class='ocrx_word' id='word_1_172' title='bbox 1931 4380 1994 4427; x_wconf 89' lang='lat' dir='ltr'><strong>non</strong></span> <span class='ocrx_word' id='word_1_173' title='bbox 2008 4368 2074 4431; x_wconf 86' lang='lat' dir='ltr'><strong>lue·</strong></span> 
     </span>
     <span class='ocr_line' id='line_1_19' title="bbox 280 4444 1977 4520; baseline 0.002 -13"><span class='ocrx_word' id='word_1_174' title='bbox 280 4446 444 4509; x_wconf 88' lang='lat' dir='ltr'><strong>Artutterae</strong></span> <span class='ocrx_word' id='word_1_175' title='bbox 459 4446 587 4509; x_wconf 86' lang='lat' dir='ltr'><strong>historia</strong></span> <span class='ocrx_word' id='word_1_176' title='bbox 604 4461 675 4508; x_wconf 87' lang='lat' dir='ltr'><strong>nera</strong></span> <span class='ocrx_word' id='word_1_177' title='bbox 691 4446 743 4509; x_wconf 83' lang='grc'><strong>544.</strong></span> <span class='ocrx_word' id='word_1_178' title='bbox 1242 4450 1316 4508; x_wconf 89' lang='lat' dir='ltr'><strong>runt</strong></span> <span class='ocrx_word' id='word_1_179' title='bbox 1326 4446 1357 4507; x_wconf 94' lang='lat' dir='ltr'><strong>in</strong></span> <span class='ocrx_word' id='word_1_180' title='bbox 1370 4446 1470 4520; x_wconf 87' lang='grc'><strong>44444,</strong></span> <span class='ocrx_word' id='word_1_181' title='bbox 1484 4445 1540 4507; x_wconf 85' lang='lat' dir='ltr'><strong>sed</strong></span> <span class='ocrx_word' id='word_1_182' title='bbox 1552 4444 1675 4509; x_wconf 85' lang='lat' dir='ltr'><strong>interno</strong></span> <span class='ocrx_word' id='word_1_183' title='bbox 1686 4446 1891 4509; x_wconf 87' lang='lat' dir='ltr'><strong>subterraneo</strong></span> <span class='ocrx_word' id='word_1_184' title='bbox 1903 4447 1977 4510; x_wconf 89' lang='grc'><strong>244.</strong></span> 
     </span>
     <span class='ocr_line' id='line_1_20' title="bbox 280 4527 2078 4607; baseline 0.002 -18"><span class='ocrx_word' id='word_1_185' title='bbox 280 4529 453 4593; x_wconf 77' lang='lat' dir='ltr'><strong>Aeternitas</strong></span> <span class='ocrx_word' id='word_1_186' title='bbox 468 4529 613 4591; x_wconf 78' lang='lat' dir='ltr'><strong>conuenit</strong></span> <span class='ocrx_word' id='word_1_187' title='bbox 626 4528 706 4591; x_wconf 80' lang='lat' dir='ltr'><strong>Filio</strong></span> <span class='ocrx_word' id='word_1_188' title='bbox 723 4528 795 4591; x_wconf 82' lang='grc'><strong>445.</strong></span> <span class='ocrx_word' id='word_1_189' title='bbox 1208 4527 1376 4589; x_wconf 72' lang='lat' dir='ltr'><strong>tremebas</strong></span> <span class='ocrx_word' id='word_1_190' title='bbox 1388 4527 1542 4605; x_wconf 88' lang='lat' dir='ltr'><strong>justorum</strong></span> <span class='ocrx_word' id='word_1_191' title='bbox 1557 4528 1631 4607; x_wconf 83' lang='lat' dir='ltr'><strong>quid</strong></span> <span class='ocrx_word' id='word_1_192' title='bbox 1646 4528 1777 4593; x_wconf 89' lang='lat' dir='ltr'><strong>eontulit</strong></span> <span class='ocrx_word' id='word_1_193' title='bbox 1800 4528 1978 4593; x_wconf 85' lang='lat' dir='ltr'><strong>descensus</strong></span> <span class='ocrx_word' id='word_1_194' title='bbox 1993 4530 2078 4596; x_wconf 80' lang='lat' dir='ltr'><strong>cbri-</strong></span> 
     </span>
     <span class='ocr_line' id='line_1_21' title="bbox 279 4608 1563 4704; baseline -0.002 -31"><span class='ocrx_word' id='word_1_195' title='bbox 279 4610 414 4674; x_wconf 84' lang='lat' dir='ltr'><strong>Atrtoent</strong></span> <span class='ocrx_word' id='word_1_196' title='bbox 429 4610 536 4673; x_wconf 83' lang='lat' dir='ltr'><strong>Patres</strong></span> <span class='ocrx_word' id='word_1_197' title='bbox 551 4627 589 4672; x_wconf 92' lang='lat' dir='ltr'><strong>an</strong></span> <span class='ocrx_word' id='word_1_198' title='bbox 607 4610 660 4691; x_wconf 87' lang='lat' dir='ltr'><strong>jus</strong></span> <span class='ocrx_word' id='word_1_199' title='bbox 676 4612 919 4704; x_wconf 84' lang='lat' dir='ltr'><strong>appellationum</strong></span> <span class='ocrx_word' id='word_1_200' title='bbox 942 4608 1021 4673; x_wconf 82' lang='lat' dir='ltr'><strong>erla.</strong></span> <span class='ocrx_word' id='word_1_201' title='bbox 1033 4610 1157 4675; x_wconf 86' lang='lat' dir='ltr'><strong>Pontiil·</strong></span> <span class='ocrx_word' id='word_1_202' title='bbox 1250 4611 1288 4672; x_wconf 90' lang='lat' dir='ltr'><strong>sti</strong></span> <span class='ocrx_word' id='word_1_203' title='bbox 1303 4610 1341 4672; x_wconf 84' lang='lat' dir='ltr'><strong>art</strong></span> <span class='ocrx_word' id='word_1_204' title='bbox 1357 4608 1474 4671; x_wconf 85' lang='lat' dir='ltr'><strong>interos</strong></span> <span class='ocrx_word' id='word_1_205' title='bbox 1489 4608 1563 4670; x_wconf 87' lang='grc'><strong>288.</strong></span> 
     </span>
    </p>

    <p class='ocr_par' dir='ltr' id='par_1_12' title="bbox 285 4690 2078 5017">
     <span class='ocr_line' id='line_1_22' title="bbox 328 4690 2078 4771; baseline 0 -16"><span class='ocrx_word' id='word_1_206' title='bbox 328 4709 395 4755; x_wconf 88' lang='grc'><strong>444</strong></span> <span class='ocrx_word' id='word_1_207' title='bbox 411 4690 565 4770; x_wconf 86' lang='lat' dir='ltr'><strong>impedire</strong></span> <span class='ocrx_word' id='word_1_208' title='bbox 581 4693 766 4753; x_wconf 77' lang='lat' dir='ltr'><strong>tentaverint</strong></span> <span class='ocrx_word' id='word_1_209' title='bbox 782 4692 852 4753; x_wconf 91' lang='grc'><strong>444.</strong></span> <span class='ocrx_word' id='word_1_210' title='bbox 1208 4692 1378 4755; x_wconf 88' lang='lat' dir='ltr'><strong>Animabus</strong></span> <span class='ocrx_word' id='word_1_211' title='bbox 1405 4692 1574 4771; x_wconf 76' lang='lat' dir='ltr'><strong>purgatorii</strong></span> <span class='ocrx_word' id='word_1_212' title='bbox 1601 4708 1659 4770; x_wconf 89' lang='lat' dir='ltr'><strong>per</strong></span> <span class='ocrx_word' id='word_1_213' title='bbox 1686 4692 1811 4754; x_wconf 89' lang='lat' dir='ltr'><strong>modum</strong></span> <span class='ocrx_word' id='word_1_214' title='bbox 1841 4692 1978 4771; x_wconf 77' lang='lat' dir='ltr'><strong>suffragii</strong></span> <span class='ocrx_word' id='word_1_215' title='bbox 1995 4709 2078 4755; x_wconf 87' lang='lat' dir='ltr'><strong>surn-</strong></span> 
     </span>
     <span class='ocr_line' id='line_1_23' title="bbox 286 4770 2076 4853; baseline -0.001 -17"><span class='ocrx_word' id='word_1_216' title='bbox 286 4774 321 4836; x_wconf 90' lang='lat' dir='ltr'><strong>In</strong></span> <span class='ocrx_word' id='word_1_217' title='bbox 338 4774 470 4837; x_wconf 87' lang='grc'><strong>4444444</strong></span> <span class='ocrx_word' id='word_1_218' title='bbox 486 4772 610 4836; x_wconf 87' lang='grc'><strong>4444444</strong></span> <span class='ocrx_word' id='word_1_219' title='bbox 630 4770 790 4836; x_wconf 80' lang='lat' dir='ltr'><strong>Pomtinis</strong></span> <span class='ocrx_word' id='word_1_220' title='bbox 804 4774 954 4852; x_wconf 82' lang='lat' dir='ltr'><strong>primatus</strong></span> <span class='ocrx_word' id='word_1_221' title='bbox 968 4774 1042 4837; x_wconf 88' lang='grc'><strong>448.</strong></span> <span class='ocrx_word' id='word_1_222' title='bbox 1249 4790 1320 4835; x_wconf 88' lang='grc'><strong>444</strong></span> <span class='ocrx_word' id='word_1_223' title='bbox 1332 4773 1469 4835; x_wconf 83' lang='lat' dir='ltr'><strong>Pontiier</strong></span> <span class='ocrx_word' id='word_1_224' title='bbox 1484 4790 1578 4853; x_wconf 92' lang='lat' dir='ltr'><strong>opera</strong></span> <span class='ocrx_word' id='word_1_225' title='bbox 1595 4775 1733 4837; x_wconf 89' lang='lat' dir='ltr'><strong>tideiiurn</strong></span> <span class='ocrx_word' id='word_1_226' title='bbox 1762 4776 1973 4836; x_wconf 88' lang='lat' dir='ltr'><strong>communicat</strong></span> <span class='ocrx_word' id='word_1_227' title='bbox 2003 4775 2076 4837; x_wconf 80' lang='grc'><strong>448.</strong></span> 
     </span>
     <span class='ocr_line' id='line_1_24' title="bbox 286 4854 2077 4936; baseline -0.001 -17"><span class='ocrx_word' id='word_1_228' title='bbox 286 4856 490 4936; x_wconf 90' lang='lat' dir='ltr'><strong>Aislutpbus</strong></span> <span class='ocrx_word' id='word_1_229' title='bbox 483 4856 599 4935; x_wconf 84' lang='lat' dir='ltr'><strong>rrnpius</strong></span> <span class='ocrx_word' id='word_1_230' title='bbox 615 4863 647 4919; x_wconf 92' lang='lat' dir='ltr'><strong>et</strong></span> <span class='ocrx_word' id='word_1_231' title='bbox 662 4854 834 4935; x_wconf 71' lang='lat' dir='ltr'><strong>sacrilegus</strong></span> <span class='ocrx_word' id='word_1_232' title='bbox 849 4854 921 4917; x_wconf 81' lang='grc'><strong>434.</strong></span> <span class='ocrx_word' id='word_1_233' title='bbox 1213 4856 1343 4933; x_wconf 81' lang='lat' dir='ltr'><strong>Aliquae</strong></span> <span class='ocrx_word' id='word_1_234' title='bbox 1362 4857 1483 4918; x_wconf 87' lang='lat' dir='ltr'><strong>animae</strong></span> <span class='ocrx_word' id='word_1_235' title='bbox 1498 4872 1619 4926; x_wconf 77' lang='lat' dir='ltr'><strong>eorum,</strong></span> <span class='ocrx_word' id='word_1_236' title='bbox 1635 4857 1688 4936; x_wconf 86' lang='lat' dir='ltr'><strong>qui</strong></span> <span class='ocrx_word' id='word_1_237' title='bbox 1704 4858 1802 4934; x_wconf 89' lang='lat' dir='ltr'><strong>puniti</strong></span> <span class='ocrx_word' id='word_1_238' title='bbox 1830 4864 1904 4918; x_wconf 88' lang='lat' dir='ltr'><strong>sunl</strong></span> <span class='ocrx_word' id='word_1_239' title='bbox 1919 4874 1934 4917; x_wconf 93' lang='lat' dir='ltr'><strong>a</strong></span> <span class='ocrx_word' id='word_1_240' title='bbox 1950 4858 2014 4920; x_wconf 87' lang='lat' dir='ltr'><strong>lieo</strong></span> <span class='ocrx_word' id='word_1_241' title='bbox 2046 4876 2077 4918; x_wconf 90' lang='lat' dir='ltr'><strong>a·</strong></span> 
     </span>
     <span class='ocr_line' id='line_1_25' title="bbox 285 4937 1866 5017; baseline -0.001 -16"><span class='ocrx_word' id='word_1_242' title='bbox 285 4940 424 5002; x_wconf 86' lang='lat' dir='ltr'><strong>Alaricus</strong></span> <span class='ocrx_word' id='word_1_243' title='bbox 438 4938 511 5000; x_wconf 90' lang='grc'><strong>482.</strong></span> <span class='ocrx_word' id='word_1_244' title='bbox 1252 4940 1323 5017; x_wconf 84' lang='lat' dir='ltr'><strong>quis</strong></span> <span class='ocrx_word' id='word_1_245' title='bbox 1338 4939 1458 4999; x_wconf 78' lang='lat' dir='ltr'><strong>diluvii:</strong></span> <span class='ocrx_word' id='word_1_246' title='bbox 1475 4940 1577 5001; x_wconf 85' lang='lat' dir='ltr'><strong>salsae</strong></span> <span class='ocrx_word' id='word_1_247' title='bbox 1593 4938 1688 5000; x_wconf 87' lang='lat' dir='ltr'><strong>tortae</strong></span> <span class='ocrx_word' id='word_1_248' title='bbox 1704 4946 1778 4999; x_wconf 91' lang='lat' dir='ltr'><strong>sunt</strong></span> <span class='ocrx_word' id='word_1_249' title='bbox 1792 4937 1866 5000; x_wconf 87' lang='grc'><strong>288.</strong></span> 
     </span>
    </p>

    <p class='ocr_par' dir='ltr' id='par_1_13' title="bbox 286 5018 2078 5101">
     <span class='ocr_line' id='line_1_26' title="bbox 286 5018 2078 5101; baseline 0 -18"><span class='ocrx_word' id='word_1_250' title='bbox 286 5021 460 5084; x_wconf 86' lang='lat' dir='ltr'><strong>Alexander</strong></span> <span class='ocrx_word' id='word_1_251' title='bbox 468 5021 597 5098; x_wconf 79' lang='grc'><strong>44444444</strong></span> <span class='ocrx_word' id='word_1_252' title='bbox 609 5036 646 5081; x_wconf 83' lang='grc'><strong>44</strong></span> <span class='ocrx_word' id='word_1_253' title='bbox 659 5019 778 5098; x_wconf 90' lang='lat' dir='ltr'><strong>primus</strong></span> <span class='ocrx_word' id='word_1_254' title='bbox 790 5018 963 5098; x_wconf 75' lang='lat' dir='ltr'><strong>regnaverit</strong></span> <span class='ocrx_word' id='word_1_255' title='bbox 977 5019 1008 5081; x_wconf 90' lang='grc'><strong>44</strong></span> <span class='ocrx_word' id='word_1_256' title='bbox 1018 5020 1156 5086; x_wconf 84' lang='lat' dir='ltr'><strong>Graecia.</strong></span> <span class='ocrx_word' id='word_1_257' title='bbox 1208 5019 1253 5083; x_wconf 88' lang='grc'><strong>44</strong></span> <span class='ocrx_word' id='word_1_258' title='bbox 1271 5028 1393 5099; x_wconf 86' lang='lat' dir='ltr'><strong>praeter</strong></span> <span class='ocrx_word' id='word_1_259' title='bbox 1407 5021 1525 5083; x_wconf 88' lang='lat' dir='ltr'><strong>animas</strong></span> <span class='ocrx_word' id='word_1_260' title='bbox 1536 5021 1702 5101; x_wconf 86' lang='lat' dir='ltr'><strong>justorum,</strong></span> <span class='ocrx_word' id='word_1_261' title='bbox 1720 5036 1798 5099; x_wconf 84' lang='lat' dir='ltr'><strong>quac</strong></span> <span class='ocrx_word' id='word_1_262' title='bbox 1825 5027 1927 5082; x_wconf 85' lang='lat' dir='ltr'><strong>errant</strong></span> <span class='ocrx_word' id='word_1_263' title='bbox 1950 5021 1980 5082; x_wconf 89' lang='lat' dir='ltr'><strong>tn</strong></span> <span class='ocrx_word' id='word_1_264' title='bbox 2007 5022 2078 5083; x_wconf 91' lang='lat' dir='ltr'><strong>sinu</strong></span> 
     </span>
    </p>

    <p class='ocr_par' dir='ltr' id='par_1_14' title="bbox 327 5100 1966 5182">
     <span class='ocr_line' id='line_1_27' title="bbox 327 5100 1966 5182; baseline -0.001 -17"><span class='ocrx_word' id='word_1_265' title='bbox 327 5102 789 5169; x_wconf 82' lang='grc'><strong>48.44444454.4444,44444444444</strong></span> <span class='ocrx_word' id='word_1_266' title='bbox 799 5100 1088 5166; x_wconf 83' lang='lat' dir='ltr'><strong>volumenDanlelis</strong></span> <span class='ocrx_word' id='word_1_267' title='bbox 1104 5102 1156 5167; x_wconf 87' lang='grc'><strong>34.</strong></span> <span class='ocrx_word' id='word_1_268' title='bbox 1251 5103 1402 5175; x_wconf 84' lang='lat' dir='ltr'><strong>Abrabae,</strong></span> <span class='ocrx_word' id='word_1_269' title='bbox 1420 5103 1542 5182; x_wconf 86' lang='lat' dir='ltr'><strong>aliquae</strong></span> <span class='ocrx_word' id='word_1_270' title='bbox 1556 5103 1636 5164; x_wconf 85' lang='lat' dir='ltr'><strong>aliae</strong></span> <span class='ocrx_word' id='word_1_271' title='bbox 1651 5102 1798 5182; x_wconf 84' lang='lat' dir='ltr'><strong>liberatae</strong></span> <span class='ocrx_word' id='word_1_272' title='bbox 1814 5102 1966 5165; x_wconf 89' lang='grc'><strong>4444288.</strong></span> 
     </span>
    </p>

    <p class='ocr_par' dir='ltr' id='par_1_15' title="bbox 287 5182 2082 5265">
     <span class='ocr_line' id='line_1_28' title="bbox 287 5182 2082 5265; baseline 0 -20"><span class='ocrx_word' id='word_1_273' title='bbox 287 5185 373 5247; x_wconf 90' lang='lat' dir='ltr'><strong>Atius</strong></span> <span class='ocrx_word' id='word_1_274' title='bbox 389 5190 420 5247; x_wconf 88' lang='lat' dir='ltr'><strong>ei</strong></span> <span class='ocrx_word' id='word_1_275' title='bbox 431 5185 510 5247; x_wconf 90' lang='lat' dir='ltr'><strong>atius</strong></span> <span class='ocrx_word' id='word_1_276' title='bbox 523 5183 636 5247; x_wconf 89' lang='lat' dir='ltr'><strong>dicitur</strong></span> <span class='ocrx_word' id='word_1_277' title='bbox 664 5184 779 5247; x_wconf 83' lang='lat' dir='ltr'><strong>divinis</strong></span> <span class='ocrx_word' id='word_1_278' title='bbox 793 5182 949 5263; x_wconf 85' lang='lat' dir='ltr'><strong>personis,</strong></span> <span class='ocrx_word' id='word_1_279' title='bbox 965 5198 1028 5249; x_wconf 90' lang='grc'><strong>444</strong></span> <span class='ocrx_word' id='word_1_280' title='bbox 1057 5192 1159 5249; x_wconf 86' lang='grc'><strong>44444</strong></span> <span class='ocrx_word' id='word_1_281' title='bbox 1209 5185 1604 5264; x_wconf 82' lang='lat' dir='ltr'><strong>Antichristustlisputatio</strong></span> <span class='ocrx_word' id='word_1_282' title='bbox 1620 5186 1659 5246; x_wconf 86' lang='lat' dir='ltr'><strong>de</strong></span> <span class='ocrx_word' id='word_1_283' title='bbox 1670 5184 2082 5265; x_wconf 78' lang='grc'><strong>44444444444424444444-</strong></span> 
     </span>
    </p>

    <p class='ocr_par' dir='ltr' id='par_1_16' title="bbox 286 5265 2080 5427">
     <span class='ocr_line' id='line_1_29' title="bbox 327 5265 2080 5346; baseline -0.003 -17"><span class='ocrx_word' id='word_1_284' title='bbox 327 5268 440 5329; x_wconf 87' lang='lat' dir='ltr'><strong>dieitur</strong></span> <span class='ocrx_word' id='word_1_285' title='bbox 453 5266 537 5329; x_wconf 89' lang='lat' dir='ltr'><strong>atiud</strong></span> <span class='ocrx_word' id='word_1_286' title='bbox 550 5272 584 5329; x_wconf 89' lang='grc'><strong>44</strong></span> <span class='ocrx_word' id='word_1_287' title='bbox 592 5265 674 5327; x_wconf 88' lang='lat' dir='ltr'><strong>atiud</strong></span> <span class='ocrx_word' id='word_1_288' title='bbox 691 5266 764 5327; x_wconf 91' lang='grc'><strong>204.</strong></span> <span class='ocrx_word' id='word_1_289' title='bbox 1250 5268 1333 5346; x_wconf 77' lang='lat' dir='ltr'><strong>logia</strong></span> <span class='ocrx_word' id='word_1_290' title='bbox 1349 5268 1496 5329; x_wconf 88' lang='lat' dir='ltr'><strong>nominis.</strong></span> <span class='ocrx_word' id='word_1_291' title='bbox 1516 5267 1712 5329; x_wconf 87' lang='lat' dir='ltr'><strong>ibid.nnmrn</strong></span> <span class='ocrx_word' id='word_1_292' title='bbox 1724 5265 1917 5329; x_wconf 67' lang='lat' dir='ltr'><strong>antichristi.</strong></span> <span class='ocrx_word' id='word_1_293' title='bbox 1928 5266 2080 5329; x_wconf 71' lang='grc'><strong>432844·</strong></span> 
     </span>
     <span class='ocr_line' id='line_1_30' title="bbox 286 5346 2080 5427; baseline -0.001 -16"><span class='ocrx_word' id='word_1_294' title='bbox 286 5349 432 5411; x_wconf 82' lang='grc'><strong>44444444</strong></span> <span class='ocrx_word' id='word_1_295' title='bbox 447 5348 640 5427; x_wconf 86' lang='lat' dir='ltr'><strong>lapideorum</strong></span> <span class='ocrx_word' id='word_1_296' title='bbox 656 5348 771 5411; x_wconf 88' lang='grc'><strong>4444444</strong></span> <span class='ocrx_word' id='word_1_297' title='bbox 781 5346 917 5427; x_wconf 87' lang='lat' dir='ltr'><strong>antiqua</strong></span> <span class='ocrx_word' id='word_1_298' title='bbox 922 5346 993 5412; x_wconf 90' lang='grc'><strong>438.</strong></span> <span class='ocrx_word' id='word_1_299' title='bbox 995 5347 1069 5411; x_wconf 89' lang='grc'><strong>4444</strong></span> <span class='ocrx_word' id='word_1_300' title='bbox 1085 5364 1158 5413; x_wconf 90' lang='lat' dir='ltr'><strong>eon·</strong></span> <span class='ocrx_word' id='word_1_301' title='bbox 1252 5356 1362 5412; x_wconf 89' lang='lat' dir='ltr'><strong>racter.</strong></span> <span class='ocrx_word' id='word_1_302' title='bbox 1379 5348 1451 5411; x_wconf 91' lang='grc'><strong>444.</strong></span> <span class='ocrx_word' id='word_1_303' title='bbox 1465 5349 1630 5412; x_wconf 85' lang='grc'><strong>8444444444</strong></span> <span class='ocrx_word' id='word_1_304' title='bbox 1647 5347 1991 5412; x_wconf 65' lang='lat' dir='ltr'><strong>Aperantiaecum.</strong></span> <span class='ocrx_word' id='word_1_305' title='bbox 2008 5350 2080 5411; x_wconf 80' lang='grc'><strong>448.</strong></span> 
     </span>
    </p>

    <p class='ocr_par' dir='ltr' id='par_1_17' title="bbox 287 5430 2078 5593">
     <span class='ocr_line' id='line_1_31' title="bbox 325 5430 2078 5509; baseline -0.001 -16"><span class='ocrx_word' id='word_1_306' title='bbox 325 5431 459 5495; x_wconf 83' lang='lat' dir='ltr'><strong>secretio</strong></span> <span class='ocrx_word' id='word_1_307' title='bbox 490 5430 560 5493; x_wconf 90' lang='grc'><strong>442.</strong></span> <span class='ocrx_word' id='word_1_308' title='bbox 1248 5432 1391 5495; x_wconf 83' lang='grc'><strong>4444444444</strong></span> <span class='ocrx_word' id='word_1_309' title='bbox 1406 5430 1480 5494; x_wconf 89' lang='grc'><strong>448.</strong></span> <span class='ocrx_word' id='word_1_310' title='bbox 1496 5432 1641 5495; x_wconf 88' lang='grc'><strong>444444444</strong></span> <span class='ocrx_word' id='word_1_311' title='bbox 1656 5430 1731 5492; x_wconf 84' lang='grc'><strong>454.</strong></span> <span class='ocrx_word' id='word_1_312' title='bbox 1747 5430 1887 5509; x_wconf 76' lang='lat' dir='ltr'><strong>Regnum</strong></span> <span class='ocrx_word' id='word_1_313' title='bbox 1903 5437 1934 5492; x_wconf 87' lang='lat' dir='ltr'><strong>et</strong></span> <span class='ocrx_word' id='word_1_314' title='bbox 1951 5433 2078 5508; x_wconf 77' lang='lat' dir='ltr'><strong>praetia.</strong></span> 
     </span>
     <span class='ocr_line' id='line_1_32' title="bbox 287 5510 2079 5593; baseline 0.001 -20"><span class='ocrx_word' id='word_1_315' title='bbox 287 5512 322 5575; x_wconf 90' lang='grc'><strong>44.</strong></span> <span class='ocrx_word' id='word_1_316' title='bbox 332 5512 486 5575; x_wconf 80' lang='lat' dir='ltr'><strong>Ambrosii</strong></span> <span class='ocrx_word' id='word_1_317' title='bbox 503 5510 660 5575; x_wconf 88' lang='lat' dir='ltr'><strong>Sententia</strong></span> <span class='ocrx_word' id='word_1_318' title='bbox 674 5510 713 5573; x_wconf 89' lang='lat' dir='ltr'><strong>de</strong></span> <span class='ocrx_word' id='word_1_319' title='bbox 726 5510 880 5593; x_wconf 87' lang='grc'><strong>4444444444</strong></span> <span class='ocrx_word' id='word_1_320' title='bbox 893 5512 1049 5577; x_wconf 88' lang='grc'><strong>444444444</strong></span> <span class='ocrx_word' id='word_1_321' title='bbox 1061 5511 1159 5577; x_wconf 90' lang='lat' dir='ltr'><strong>numi·</strong></span> <span class='ocrx_word' id='word_1_322' title='bbox 1247 5514 1321 5577; x_wconf 80' lang='grc'><strong>482.</strong></span> <span class='ocrx_word' id='word_1_323' title='bbox 1339 5515 1515 5578; x_wconf 82' lang='grc'><strong>4444444444</strong></span> <span class='ocrx_word' id='word_1_324' title='bbox 1530 5514 1656 5592; x_wconf 79' lang='lat' dir='ltr'><strong>quidam</strong></span> <span class='ocrx_word' id='word_1_325' title='bbox 1669 5513 1763 5575; x_wconf 90' lang='lat' dir='ltr'><strong>bomo</strong></span> <span class='ocrx_word' id='word_1_326' title='bbox 1779 5512 1909 5588; x_wconf 90' lang='lat' dir='ltr'><strong>tuturus,</strong></span> <span class='ocrx_word' id='word_1_327' title='bbox 1926 5513 1999 5576; x_wconf 81' lang='grc'><strong>424.</strong></span> <span class='ocrx_word' id='word_1_328' title='bbox 2021 5515 2079 5575; x_wconf 88' lang='grc'><strong>44-</strong></span> 
     </span>
    </p>

    <p class='ocr_par' dir='ltr' id='par_1_18' title="bbox 284 5592 2082 5906">
     <span class='ocr_line' id='line_1_33' title="bbox 328 5592 2082 5676; baseline 0.001 -21"><span class='ocrx_word' id='word_1_329' title='bbox 328 5608 369 5657; x_wconf 90' lang='grc'><strong>44</strong></span> <span class='ocrx_word' id='word_1_330' title='bbox 384 5594 508 5671; x_wconf 83' lang='lat' dir='ltr'><strong>Cbrrstr</strong></span> <span class='ocrx_word' id='word_1_331' title='bbox 524 5594 600 5658; x_wconf 85' lang='lat' dir='ltr'><strong>laisa</strong></span> <span class='ocrx_word' id='word_1_332' title='bbox 612 5600 661 5658; x_wconf 86' lang='lat' dir='ltr'><strong>est</strong></span> <span class='ocrx_word' id='word_1_333' title='bbox 675 5592 749 5657; x_wconf 91' lang='grc'><strong>482</strong></span> <span class='ocrx_word' id='word_1_334' title='bbox 1248 5605 1359 5659; x_wconf 84' lang='lat' dir='ltr'><strong>tentus</strong></span> <span class='ocrx_word' id='word_1_335' title='bbox 1373 5613 1485 5676; x_wconf 87' lang='lat' dir='ltr'><strong>rpsrua</strong></span> <span class='ocrx_word' id='word_1_336' title='bbox 1501 5596 1575 5659; x_wconf 90' lang='grc'><strong>428.</strong></span> <span class='ocrx_word' id='word_1_337' title='bbox 1603 5593 1744 5657; x_wconf 84' lang='lat' dir='ltr'><strong>Nondum</strong></span> <span class='ocrx_word' id='word_1_338' title='bbox 1774 5594 1900 5657; x_wconf 81' lang='lat' dir='ltr'><strong>venisse</strong></span> <span class='ocrx_word' id='word_1_339' title='bbox 1932 5594 2082 5674; x_wconf 84' lang='lat' dir='ltr'><strong>probetur</strong></span> 
     </span>
     <span class='ocr_line' id='line_1_34' title="bbox 284 5674 2080 5756; baseline 0.001 -18"><span class='ocrx_word' id='word_1_340' title='bbox 284 5676 383 5739; x_wconf 90' lang='grc'><strong>4444</strong></span> <span class='ocrx_word' id='word_1_341' title='bbox 404 5674 456 5738; x_wconf 89' lang='grc'><strong>24.</strong></span> <span class='ocrx_word' id='word_1_342' title='bbox 1249 5696 1305 5741; x_wconf 83' lang='grc'><strong>444</strong></span> <span class='ocrx_word' id='word_1_343' title='bbox 1319 5681 1450 5741; x_wconf 87' lang='lat' dir='ltr'><strong>daemon</strong></span> <span class='ocrx_word' id='word_1_344' title='bbox 1463 5676 1668 5741; x_wconf 86' lang='grc'><strong>4444444444444</strong></span> <span class='ocrx_word' id='word_1_345' title='bbox 1682 5694 1699 5738; x_wconf 89' lang='grc'><strong>4</strong></span> <span class='ocrx_word' id='word_1_346' title='bbox 1716 5693 1788 5755; x_wconf 79' lang='lat' dir='ltr'><strong>pag.</strong></span> <span class='ocrx_word' id='word_1_347' title='bbox 1800 5675 1858 5738; x_wconf 82' lang='grc'><strong>434</strong></span> <span class='ocrx_word' id='word_1_348' title='bbox 1866 5694 1948 5756; x_wconf 85' lang='lat' dir='ltr'><strong>usq.</strong></span> <span class='ocrx_word' id='word_1_349' title='bbox 1952 5679 2001 5739; x_wconf 87' lang='lat' dir='ltr'><strong>ari.</strong></span> <span class='ocrx_word' id='word_1_350' title='bbox 2005 5678 2080 5739; x_wconf 86' lang='grc'><strong>4444.</strong></span> 
     </span>
     <span class='ocr_line' id='line_1_35' title="bbox 286 5756 2079 5871; baseline 0.002 -52"><span class='ocrx_word' id='word_1_351' title='bbox 286 5757 470 5821; x_wconf 84' lang='lat' dir='ltr'><strong>Anastasius</strong></span> <span class='ocrx_word' id='word_1_352' title='bbox 485 5756 656 5854; x_wconf 83' lang='lat' dir='ltr'><strong>imperator</strong></span> <span class='ocrx_word' id='word_1_353' title='bbox 671 5756 747 5820; x_wconf 90' lang='grc'><strong>422.</strong></span> <span class='ocrx_word' id='word_1_354' title='bbox 1069 5779 1071 5784; x_wconf 94' lang='grc'><em>·</em></span> <span class='ocrx_word' id='word_1_355' title='bbox 1248 5760 1450 5857; x_wconf 81' lang='grc'><strong>4444444444</strong></span> <span class='ocrx_word' id='word_1_356' title='bbox 1465 5762 1610 5824; x_wconf 82' lang='lat' dir='ltr'><strong>dixerunt</strong></span> <span class='ocrx_word' id='word_1_357' title='bbox 1625 5764 1696 5839; x_wconf 89' lang='lat' dir='ltr'><strong>post</strong></span> <span class='ocrx_word' id='word_1_358' title='bbox 1712 5757 1867 5871; x_wconf 86' lang='lat' dir='ltr'><strong>Christum</strong></span> <span class='ocrx_word' id='word_1_359' title='bbox 1886 5760 2004 5823; x_wconf 87' lang='lat' dir='ltr'><strong>obitum</strong></span> <span class='ocrx_word' id='word_1_360' title='bbox 2027 5779 2079 5823; x_wconf 84' lang='lat' dir='ltr'><strong>ne·</strong></span> 
     </span>
     <span class='ocr_line' id='line_1_36' title="bbox 287 5838 1422 5906; baseline 0.004 -5"><span class='ocrx_word' id='word_1_361' title='bbox 287 5839 321 5903; x_wconf 87' lang='lat' dir='ltr'><strong>B.</strong></span> <span class='ocrx_word' id='word_1_362' title='bbox 337 5839 475 5902; x_wconf 87' lang='lat' dir='ltr'><strong>Andreas</strong></span> <span class='ocrx_word' id='word_1_363' title='bbox 490 5840 595 5902; x_wconf 83' lang='lat' dir='ltr'><strong>senior</strong></span> <span class='ocrx_word' id='word_1_364' title='bbox 609 5838 699 5903; x_wconf 83' lang='lat' dir='ltr'><strong>Petro</strong></span> <span class='ocrx_word' id='word_1_365' title='bbox 715 5838 789 5903; x_wconf 88' lang='grc'><strong>349.</strong></span> <span class='ocrx_word' id='word_1_366' title='bbox 1247 5844 1334 5906; x_wconf 87' lang='lat' dir='ltr'><strong>nisse</strong></span> <span class='ocrx_word' id='word_1_367' title='bbox 1351 5843 1422 5906; x_wconf 85' lang='grc'><strong>424.</strong></span> 
     </span>
    </p>

    <p class='ocr_par' dir='ltr' id='par_1_19' title="bbox 288 5920 2082 6082">
     <span class='ocr_line' id='line_1_37' title="bbox 288 5920 2080 6016; baseline 0.003 -35"><span class='ocrx_word' id='word_1_368' title='bbox 288 5922 395 6003; x_wconf 74' lang='grc'><strong>444444</strong></span> <span class='ocrx_word' id='word_1_369' title='bbox 408 5920 785 6016; x_wconf 83' lang='grc'><strong>44444444444444444444</strong></span> <span class='ocrx_word' id='word_1_370' title='bbox 795 5921 921 5985; x_wconf 86' lang='lat' dir='ltr'><strong>nomine</strong></span> <span class='ocrx_word' id='word_1_371' title='bbox 935 5921 992 5985; x_wconf 88' lang='lat' dir='ltr'><strong>Dei</strong></span> <span class='ocrx_word' id='word_1_372' title='bbox 1009 5922 1081 5989; x_wconf 93' lang='grc'><strong>484.</strong></span> <span class='ocrx_word' id='word_1_373' title='bbox 1203 5926 1414 5989; x_wconf 87' lang='lat' dir='ltr'><strong>Antichristus</strong></span> <span class='ocrx_word' id='word_1_374' title='bbox 1429 5926 1487 5989; x_wconf 90' lang='grc'><strong>4444</strong></span> <span class='ocrx_word' id='word_1_375' title='bbox 1501 5926 1595 5987; x_wconf 88' lang='grc'><strong>44444</strong></span> <span class='ocrx_word' id='word_1_376' title='bbox 1607 5921 1788 6003; x_wconf 80' lang='lat' dir='ltr'><strong>singularis,</strong></span> <span class='ocrx_word' id='word_1_377' title='bbox 1802 5936 1864 5984; x_wconf 94' lang='lat' dir='ltr'><strong>non</strong></span> <span class='ocrx_word' id='word_1_378' title='bbox 1877 5926 2067 6006; x_wconf 66' lang='lat' dir='ltr'><strong>regnumtp</strong></span> <span class='ocrx_word' id='word_1_379' title='bbox 2070 5964 2080 5976; x_wconf 86' lang='lat'><em>-</em></span> 
     </span>
     <span class='ocr_line' id='line_1_38' title="bbox 288 6002 2082 6082; baseline 0.004 -17"><span class='ocrx_word' id='word_1_380' title='bbox 288 6002 352 6067; x_wconf 88' lang='lat' dir='ltr'><strong>Non</strong></span> <span class='ocrx_word' id='word_1_381' title='bbox 368 6004 493 6069; x_wconf 81' lang='lat' dir='ltr'><strong>luerunt</strong></span> <span class='ocrx_word' id='word_1_382' title='bbox 507 6002 645 6068; x_wconf 83' lang='grc'><strong>44444444</strong></span> <span class='ocrx_word' id='word_1_383' title='bbox 661 6020 717 6082; x_wconf 89' lang='lat' dir='ltr'><strong>per</strong></span> <span class='ocrx_word' id='word_1_384' title='bbox 731 6003 885 6068; x_wconf 83' lang='lat' dir='ltr'><strong>Christum</strong></span> <span class='ocrx_word' id='word_1_385' title='bbox 904 6004 975 6067; x_wconf 89' lang='grc'><strong>444.</strong></span> <span class='ocrx_word' id='word_1_386' title='bbox 1245 6008 1420 6072; x_wconf 89' lang='lat' dir='ltr'><strong>renuicum.</strong></span> <span class='ocrx_word' id='word_1_387' title='bbox 1435 6008 1508 6071; x_wconf 89' lang='grc'><strong>428.</strong></span> <span class='ocrx_word' id='word_1_388' title='bbox 1533 6006 1598 6070; x_wconf 82' lang='lat' dir='ltr'><strong>Erit</strong></span> <span class='ocrx_word' id='word_1_389' title='bbox 1625 6008 1861 6070; x_wconf 85' lang='lat' dir='ltr'><strong>instrumentum</strong></span> <span class='ocrx_word' id='word_1_390' title='bbox 1886 6006 2005 6069; x_wconf 87' lang='grc'><strong>44444444</strong></span> <span class='ocrx_word' id='word_1_391' title='bbox 2018 6014 2082 6073; x_wconf 87' lang='lat' dir='ltr'><strong>ete·</strong></span> 
     </span>
    </p>
   </div>
   <div class='ocr_carea' id='block_1_4' title="bbox 0 0 2428 7009">
    <p class='ocr_par' dir='ltr' id='par_1_20' title="bbox 0 0 2428 7009">
     <span class='ocr_line' id='line_1_39' title="bbox 0 0 2428 7009; baseline 0 0"><span class='ocrx_word' id='word_1_392' title='bbox 0 0 2428 7009; x_wconf 95' lang='lat' dir='ltr'><strong> </strong></span> 
     </span>
    </p>
   </div>
  </div>
 </body>
</html>
