4792 7009
341 740 343 743 ’
414 749 470 808 aot
1125 747 1169 805 hh
1189 745 1332 807 eittttsru
1377 777 1379 780 ·

386 885 424 949 Et
438 884 584 964 probatur
598 885 697 966 primo
713 899 750 947 cx
765 881 1014 962 hpust.·llehr.i.
1029 880 1083 946 ubi
1098 880 1211 944 dicitur
1258 881 1360 960 piatur
1374 881 1429 961 pro
1444 879 1593 958 essentia,
1609 887 1643 945 ιιι
1657 881 1804 948 haeretiei
1835 881 1976 964 accipere
2003 883 2121 949 solent.

347 967 388 1031 de
412 969 499 1030 Filio:
531 965 591 1044 Qus
615 985 690 1032 cum
703 970 745 1030 sit
757 967 912 1046 splendor
925 967 1049 1045 gloriae
1064 972 1092 1028 et
1102 962 1211 1041 liparo
1258 964 1320 1026 Sed
1337 967 1597 1044 operaepretium
1621 965 1688 1039 erit,
1706 969 1770 1047 ipsa
1785 967 1876 1029 rerba
1887 983 1993 1044 graeca
2011 965 2123 1029 Conci·

346 1051 547 1116 substantioe
562 1053 642 1132 ey'ue,
660 1068 769 1130 graece
783 1047 940 1132 χαρακτὴρ
960 1045 1013 1129 τὴς
1036 1040 1211 1116 ἰιιοςάσεως
1255 1047 1286 1109 ιιι
1304 1047 1535 1142 adsaribyreme
1552 1050 1601 1111 hic
1617 1050 1699 1110 ullus
1712 1053 1880 1128 scrupulus
1893 1050 2127 1114 remanentsie

347 1132 448 1208 ἀιιοιι,
472 1133 525 1196 ubi
541 1140 663 1198 nomine
680 1136 882 1213 hypostaseos
894 1133 967 1194 iicet
981 1132 1075 1207 aliqui
1092 1130 1212 1192 intelle·
1256 1129 1347 1210 igitur
1362 1133 1415 1192 ait:
1430 1130 1513 1208 ημεῖς
1528 1129 1635 1210 ταύτην
1649 1132 1880 1214 παρειλήφαμεν.
1906 1151 1958 1194 και
1984 1129 2127 1212 δεδιὸάγ·

346 1221 446 1282 serint
470 1221 649 1292 essentiam,
667 1225 699 1278 ut
714 1217 832 1276 ridetur
846 1229 1002 1293 exponere
1018 1213 1210 1290 epiphanias
1256 1213 1333 1292 pede
1348 1232 1399 1275 και
1415 1209 1522 1292 reiron
1537 1211 1646 1296 ἔχομεν
1657 1213 1709 1294 riu
1719 1213 1879 1294 καθολικὴν
1892 1213 2058 1296 παράδοσιν
2073 1233 2125 1277 και

345 1303 469 1364 haeres.
492 1300 543 1361 ee.
561 1309 660 1362 tamen
677 1300 792 1360 rectius
807 1298 857 1358 eiii
874 1295 1030 1374 recipiunt
1046 1312 1210 1373 personam
1255 1294 1329 1368 πιςιν
1341 1315 1392 1358 και
1406 1294 1580 1376 ιμολογιαι,
1599 1295 1667 1377 μίαν
1683 1295 1743 1358 eet
1769 1295 1910 1370 ὑιόςαοιι
1931 1299 1944 1320 “
1984 1295 2073 1360 οὶιιτὸι
2095 1317 2126 1360 οι

345 1391 515 1464 paternam,
529 1389 562 1445 ιιι
586 1382 820 1462 chrysostomus
836 1426 845 1455 ,
871 1379 1096 1452 Theodorelus,
1112 1379 1210 1441 Tiren-
1256 1373 1399 1459 alpe-raet
1412 1376 1513 1462 cyrias
1527 1378 1782 1461 προσαγορεύουσι
1797 1377 1848 1448 τοι
1862 1317 1980 1464 neap&
2002 1381 2125 1446 καιτοι

345 1468 509 1548 plrylactus
544 1472 575 1528 et
608 1465 817 1528 Gecumenius
851 1461 884 1524 in
910 1462 1080 1524 Commeat.
1117 1462 1211 1542 boias
1255 1457 1315 1524 ὑιοῦ
1329 1479 1441 1524 καιτοι
1456 1459 1542 1531 dalei
1555 1461 1736 1542 ιιιέιιμαιος.

345 1551 418 1627 ιοιι;
445 1565 566 1613 necnon
589 1546 720 1609 besilius
733 1546 826 1624 epist.
842 1545 894 1607 ll.
910 1551 942 1607 et
957 1543 1122 1623 Gregorius
1138 1561 1209 1623 nys·
1298 1544 1455 1624 Ohy'iciunt
1469 1544 1665 1625 Transyimoi
1677 1546 1765 1609 libi.
1783 1545 1891 1625 cup.8.
1909 1545 2123 1610 auctoritatem

346 1647 443 1695 senus
457 1633 489 1692 in
505 1632 560 1692 lib.
577 1629 730 1692 deditior.
747 1629 904 1691 essentiae
919 1634 950 1689 et
965 1627 1128 1705 suppositi,
1146 1643 1209 1688 non
1256 1625 1431 1705 direptioni,
1449 1631 1501 1705 qni
1523 1627 1578 1690 lib.
1598 1628 1647 1691 ld.
1660 1629 1732 1691 hist.
1752 1627 1801 1692 ts.
1819 1631 1894 1692 haee
1923 1628 2048 1692 dieiide
2064 1645 2121 1692 rru-

347 1716 429 1778 enim
446 1714 542 1774 Filios
557 1720 604 1774 est
619 1713 720 1792 imago
735 1712 901 1784 essentiae,
920 1711 974 1772 sed
991 1724 1155 1788 personam
1170 1710 1206 1770 il·
1255 1713 1338 1772 tnine
1355 1711 1528 1790 hypostasis
1539 1717 1575 1772 et
1589 1711 1803 1784 usiae.Primo,
1814 1714 1946 1788 primam
1963 1713 2016 1788 qui
2032 1729 2122 1774 men·

345 1799 406 1860 irus
431 1798 513 1858 enirn
528 1805 576 1858 est
591 1796 701 1873 imago,
718 1793 809 1873 cujus
824 1799 871 1856 est
885 1792 994 1854 Filius:
1010 1792 1110 1872 imago
1128 1793 1209 1854 enim
1255 1794 1371 1855 tionem
1383 1795 1455 1854 iecit
1471 1793 1578 1854 horum
1592 1795 1750 1856 nominum
1762 1793 1794 1855 ia
1807 1793 2072 1873 disputationibus
2083 1795 2123 1866 de

346 1880 543 1959 distinguitur
554 1880 591 1940 ah
604 1878 783 1957 exemplari,
799 1883 832 1937 ut
843 1892 894 1940 res
905 1875 1082 1957 productas
1098 1874 1212 1954 produ·
1260 1875 1335 1951 lieo,
1353 1875 1448 1938 luisse
1461 1875 1587 1940 ilosium
1601 1875 1845 1950 Cordubensem,
1874 1893 1966 1955 onem
1994 1878 2123 1939 miserat

348 1970 450 2026 cente.
1262 1957 1479 2022 Constantinus
1494 1959 1708 2021 alexandriam
1737 1959 1774 2020 ed
1792 1962 1947 2022 sedandos
1973 1960 2125 2023 tumultus

389 2045 448 2106 Sed
465 2043 598 2106 occurrit
610 2043 796 2106 Franciscus
810 2040 904 2103 David
922 2040 952 2102 in
968 2041 1000 2102 2.
1013 2040 1128 2117 disput.
1141 2039 1210 2103 lib.
1259 2041 1297 2104 ab
1312 2040 1383 2104 Ario
1398 2042 1556 2103 excitatus.
1574 2040 1729 2115 Secundo,
1755 2040 1925 2104 Concilium
1950 2041 2125 2105 Niueenutn

347 2128 401 2191 uhi
414 2129 521 2190 rolens
536 2127 710 2200 ostendere,
724 2125 849 2186 Paulum
866 2140 929 2185 non
944 2124 1088 2201 posuisse
1099 2123 1130 2184 in
1146 2122 1211 2186 lieo
1257 2124 1396 2186 noluisse
1413 2124 1562 2200 attingere
1592 2125 1680 2186 istam
1695 2127 1908 2206 quaestionem
1924 2124 1963 2187 de
1975 2123 2125 2188 differen-

347 2227 525 2291 pcrsooam,
552 2209 649 2270 ιιιιιιιι
669 2209 725 2269 alia
742 2209 807 2268 loca
824 2206 964 2287 ejusdum
982 2205 1142 2283 epistolae,
1160 2205 1212 2268 ubi
1256 2209 1296 2268 tia
1313 2207 1468 2268 essentiae
1483 2214 1513 2268 et
1529 2206 1761 2281 subsistentiae,
1791 2213 1935 2286 trinquam
1962 2208 2125 2288 indignam

350 2310 464 2356 aermon
492 2291 666 2372 hypostasis
682 2307 742 2352 non
759 2289 906 2366 arripitur
923 2305 978 2364 pro
995 2304 1138 2366 persona.
1155 2304 1212 2351 seu
1258 2305 1338 2369 quae
1363 2289 1669 2362 tractareturdertio,
1687 2288 1859 2352 Concilium
1880 2289 2124 2353 Αιοιιιιιιιιιιιιιιιι

350 2375 526 2454 supposito,
549 2373 645 2438 Hebr.
657 2373 687 2434 3.
713 2373 889 2452 Porticipes
913 2370 1027 2433 Christi
1041 2371 1146 2448 effecti
1158 2387 1212 2432 su·
1259 2373 1350 2452 punio
1366 2378 1436 2449 post
1450 2372 1616 2434 liicaennm
1632 2372 1822 2436 celebratum
1837 2373 1993 2448 statuisse,
2010 2378 2044 2434 ut
2058 2390 2124 2436 non
2193 2415 2194 2430 .

347 2475 432 2534 roos,
447 2460 477 2520 si
492 2464 601 2520 tomen
613 2458 747 2518 ιιιιιιιιιιι
760 2455 958 2518 substantioe
970 2453 1039 2534 eyes
1053 2469 1155 2532 osque
1168 2455 1214 2517 nd
1256 2453 1433 2516 dicerentur
1448 2455 1504 2518 ista
1518 2455 1641 2516 nomina
1654 2454 2033 2534 dehonestamentum
2046 2456 2126 2520 sub·

347 2540 447 2620 desem
459 2540 699 2604 retinuerimus.
718 2539 831 2600 Graece
847 2555 903 2617 pro
917 2537 1085 2599 substantia
1102 2536 1213 2608 legitur
1259 2538 1391 2598 stantiae
1406 2537 1435 2598 el
1452 2536 1671 2600 subsistentiae
1687 2551 1799 2600 nomen
1815 2553 1877 2600 non
1907 2544 1957 2601 est
1970 2537 1999 2600 io
2014 2537 2122 2618 Scrip-

350 2621 542 2696 ιιοςάιειις.
567 2623 605 2683 Ει
624 2620 718 2684 Hehr.
738 2622 788 2683 ll.
817 2622 875 2684 list
897 2624 1008 2682 aretem
1034 2619 1130 2681 Fides
1143 2636 1212 2696 spe·
1256 2625 1333 2684 tura.
1352 2619 1478 2694 Quarto,¹
1491 2619 1572 2698 apud
1588 2629 1708 2682 soteres
1723 2620 1927 2699 philosophos
1939 2634 2048 2682 nomen
2063 2622 2123 2702 hy·

347 2699 534 2772 rmtdorttm
561 2704 742 2767 substantio
768 2720 891 2766 rerem.
914 2701 1029 2764 Graece
1056 2697 1210 2774 ὑιὸςοισις.
1256 2703 1389 2782 postas-is
1406 2717 1466 2764 non
1484 2703 1625 2779 reperiri,
1639 2719 1772 2782 esseque
1788 2704 1961 2766 herbarum·
1978 2702 2117 2777 Quinto,

390 2788 676 2866 llesponde03-haee
687 2788 759 2848 locu
777 2803 830 2865 pro
847 2785 936 2848 nohis
961 2785 1076 2850 tacere.
1102 2783 1157 2846 llis
1180 2800 1212 2847 e·
1256 2801 1294 2846 ex
1306 2783 1400 2864 hujus
1415 2783 1622 2848 distinctionis
1635 2785 1812 2850 inventione
1827 2786 1920 2848 muita
1936 2792 2126 2866 nugamenta

349 2871 413 2934 ιιιιιι
431 2871 508 2933 locis
523 2870 693 2949 explicatur
711 2884 824 2931 nomen
850 2867 1025 2947 hypostasis
1049 2866 1080 2927 in
1096 2883 1211 2942 genere
1256 2869 1288 2928 in
1305 2865 1478 2932 Ecclesiam
1493 2868 1658 2930 intentaret
1671 2868 1816 2946 breviter,
1830 2874 1935 2948 aperte
1947 2867 2124 2949 reprehen-

349 2953 527 3034 sigaiileare
541 2953 774 3015 tundamentum
790 2968 847 3013 seu
861 2950 971 3025 basim,
989 2965 1067 3027 qaue
1079 2949 1139 3012 ntia
1159 2967 1211 3012 su·
1257 2949 1302 3014 dit
1313 2966 1402 3012 usum
1418 2950 1526 3012 borum
1543 2951 1772 3014 rumbolorum.

350 3044 476 3109 stratui,
490 3043 521 3098 et
536 3037 603 3114 ipsa
618 3051 674 3114 per
700 3049 735 3096 sc
761 3033 914 3096 subsistit.
945 3032 1209 3106 Quemadmodum
1295 3033 1489 3111 llespuodeo:
1506 3031 1710 3112 Nicephorum
1726 3049 1761 3096 ea
1778 3049 1857 3112 quae
1872 3033 1946 3097 dicit
1960 3031 2128 3113 accepisse

351 3120 456 3184 etiam.
472 3119 503 3183 2.
520 3117 658 3181 Corinth.
670 3117 702 3190 o,
719 3122 750 3178 et
765 3118 815 3177 tl.
831 3115 913 3177 idem
930 3117 1087 3192 apostulus
1103 3115 1209 3176 londa·
1255 3131 1271 3176 a
1288 3113 1414 3178 Socrate
1437 3115 1495 3178 lib.
1513 3115 1543 3178 3.
1560 3133 1629 3196 cap.
1645 3115 1675 3178 5.
1693 3123 1724 3178 et
1739 3115 1916 3180 Summano.
1930 3117 1986 3180 ιιι).
2002 3115 2033 3179 5.
2052 3132 2126 3195 cap.

351 3210 488 3265 mentum
505 3200 620 3281 gloriae
641 3196 883 3270 ιοιιιιιιιόςαοιι
896 3197 949 3277 τῆς
960 3194 1210 3281 καυχήσεωςιιιο
1257 3198 1307 3260 ιι.
1336 3197 1388 3280 qui
1410 3205 1552 3260 auctores
1574 3215 1636 3260 non
1653 3206 1711 3261 tam
1728 3200 1793 3275 ipsa
1811 3198 1934 3262 nentina
1951 3199 2126 3278 repreben-

351 3292 452 3348 autem
468 3291 574 3362 postea
590 3283 774 3344 hocnnmen
788 3281 956 3345 traducitur
983 3289 1014 3342 ct
1027 3280 1208 3342 accomoda·
1259 3279 1347 3352 dunt,
1372 3296 1463 3361 quam
1488 3295 1598 3344 noram
1611 3281 1836 3361 honestiorem
1860 3286 1898 3344 de
1919 3281 2126 3344 distinctione

350 3373 402 3429 tur
415 3367 453 3428 ad
468 3366 587 3437 Fidem,
603 3364 673 3441 quia
689 3362 782 3425 Fides
797 3369 845 3424 est
865 3362 1097 3424 iuttdamentum
1120 3362 1211 3442 justi·
1255 3377 1359 3426 earum
1375 3379 1494 3426 vocum.
1510 3362 1616 3443 ltaque
1632 3364 1689 3426 etsi
1705 3364 1781 3426 iorle
1797 3363 1910 3427 llosius
1924 3365 2041 3443 primus
2054 3363 2125 3440 luit,

349 3449 424 3522 tiae,
440 3453 542 3510 elnon
558 3447 659 3510 solum
674 3446 739 3524 ipsu
754 3463 812 3524 par
825 3461 860 3506 se
875 3445 1006 3516 exsistit,
1033 3445 1088 3507 sed
1116 3445 1210 3508 etiam
1255 3445 1307 3527 qui
1331 3445 1369 3508 de
1391 3445 1449 3508 hae
1463 3445 1663 3510 distinetione
1678 3446 1837 3510 disseruit:
1855 3463 1917 3509 non
1935 3454 2036 3510 tamen
2053 3447 2128 3525 ipse

350 3531 647 3595 datsnhsistsntiam
662 3528 911 3607 rebrissperatis,
937 3541 1017 3606 guae
1042 3527 1211 3607 enimspe·
1254 3527 1372 3607 primus
1399 3528 1476 3591 heae
1501 3527 1626 3592 nomina
1651 3529 1842 3607 excogitavit,
1866 3530 2021 3608 siquidem
2036 3529 2126 3592 inre·

350 3630 455 3679 minus
467 3613 499 3674 in
511 3629 546 3674 se
561 3628 621 3674 nou
633 3612 775 3682 suntsed
793 3627 849 3688 per
863 3611 967 3672 iidem
983 3610 1210 3688 quodammodo
1255 3610 1382 3674 niuniur
1402 3611 1484 3688 apud
1506 3611 1685 3691 Dionysium
1700 3617 1732 3674 et
1745 3611 1899 3676 lustinum
1916 3611 1992 3674 locis
2007 3612 2125 3686 allatis,

350 3695 414 3778 ιιιιι
436 3695 584 3758 exsistere
598 3694 752 3756 ridentur.
769 3691 1212 3757 llineetiamaceotnmodatur
1256 3697 1286 3756 el
1310 3692 1390 3772 apud
1417 3693 1520 3769 ipsum
1546 3694 1672 3756 Paulum
1696 3710 1808 3756 nornen
1832 3695 2020 3778 hypostasis,
2037 3702 2069 3757 et
2084 3695 2128 3758 de

348 3780 390 3843 ad
403 3778 668 3858 suppositnmseu
684 3791 946 3855 persunam‚qone
960 3781 1009 3838 est
1028 3775 1210 3840 tundamen-
1256 3775 1382 3839 nomine
1406 3775 1597 3849 homousios,
1625 3777 1707 3855 quod
1724 3777 1762 3838 ab
1778 3776 1846 3840 usia
1868 3777 2042 3844 descendit.
2058 3777 2129 3872 jam

349 3867 563 3935 temnamus,
581 3866 613 3922 et
626 3859 761 3923 omnium
775 3874 853 3937 quae
874 3857 912 3920 ad
937 3864 1077 3922 naturam
1101 3874 1211 3922 eonsc-
1258 3858 1449 3922 ostendimus
1474 3858 1722 3938 antiquissimum
1739 3875 1824 3922 csse.
1841 3860 1933 3923 Porro
1949 3859 2128 3924 Concilium

353 3950 501 4024 quantun
518 3943 619 4005 oannis
635 3942 719 4004 enim
733 3942 762 4002 io
779 3957 910 4019 persona
937 3941 1082 4012 existant,
1099 3946 1130 4002 ot
1144 3942 1211 4020 ipsa
1257 3941 1435 4013 lliceeoum,
1462 3941 1534 4004 lieet
1559 3944 1771 4021 quaestionem
1800 3959 1861 4004 non
1884 3942 2068 4021 explicuerit
2084 3945 2128 4006 de

351 4043 411 4107 per
424 4043 460 4090 se
471 4025 600 4089 exsistit.
618 4025 745 4099 Quando
760 4040 834 4103 ergo
849 4022 972 4096 dieitur,
988 4022 1085 4086 Filius
1110 4023 1211 4103 imago
1257 4021 1428 4092 differentia
1445 4024 1600 4087 essentiae
1615 4031 1644 4086 et
1659 4024 1891 4087 subsistentiae:
1908 4034 2008 4087 tamen
2021 4026 2061 4088 ab
2074 4025 2128 4090 bis

353 4109 530 4191 hypostasis
546 4114 702 4188 paternae,
715 4123 778 4168 non
793 4112 896 4186 potest
908 4105 991 4168 aliud
1013 4120 1051 4168 eo
1072 4106 1141 4169 loeo
1156 4106 1211 4186 hy·
1256 4106 1385 4169 roribus
1400 4123 1461 4169 non
1477 4107 1644 4178 abhorruit,
1661 4113 1695 4170 ut
1711 4113 1792 4184 patet
1807 4123 1844 4170 ex
1860 4107 2019 4186 symbulo,
2037 4109 2127 4187 quod

352 4191 487 4272 postasis
501 4189 690 4270 significare,
706 4206 797 4266 quam
814 4203 977 4268 personam
1005 4187 1116 4263 Patris,
1130 4205 1211 4269 quae
1258 4195 1305 4251 est
1320 4189 1401 4268 apud
1418 4183 1561 4270 Cyrillum
1577 4189 1631 4261 lib,
1651 4191 1679 4252 l.
1697 4192 1735 4252 dc
1751 4191 1834 4252 'irim
1848 4196 1879 4253 et
1890 4190 2020 4253 habetur
2034 4206 2128 4269 grae·

356 4277 428 4356 qnia
443 4290 498 4352 per
512 4289 547 4335 su
562 4273 675 4345 existit,
692 4279 724 4334 et
736 4273 766 4335 in
779 4288 814 4334 ea
825 4272 972 4344 essentia,
1000 4277 1030 4334 et
1044 4273 1144 4334 omnia
1168 4278 1211 4333 at·
1257 4288 1293 4333 ce
1315 4272 1404 4334 etiam
1422 4273 1452 4334 in
1468 4271 1570 4332 latinis
1586 4271 1757 4346 codicibus,
1776 4274 1806 4333 in
1824 4289 1861 4335 eo
1877 4271 1991 4336 enims
2015 4273 2126 4338 mholn

353 4357 478 4430 tributa,
495 4362 527 4418 et
540 4355 627 4433 ipsae
642 4355 732 4417 etiam
747 4355 912 4418 relationes
938 4353 1121 4429 subsistunt,
1138 4354 1209 4417 ideo
1256 4359 1420 4432 meumque
1436 4369 1547 4417 nomen
1565 4359 1612 4416 esl
1627 4356 1730 4420 aletes
1745 4361 1775 4416 et
1788 4353 1974 4420 ιιοιώιιιις.
1990 4289 2057 4417 faro
2074 4371 2127 4418 re·

352 4439 584 4501 fundamentum
600 4442 631 4498 et
644 4437 728 4498 basis
741 4437 800 4498 diei
817 4442 929 4514 potest.
1256 4452 1291 4499 ro
1313 4435 1481 4499 Concilium
1500 4437 1738 4500 Alexandrinum
1767 4453 1829 4502 noo
1859 4437 2056 4517 prohibuisse
2090 4457 2126 4501 u·

395 4519 539 4582 Secundo
556 4519 699 4599 probatur
715 4535 751 4580 ex
766 4535 823 4580 usu
838 4517 998 4582 Ecclesiae
1019 4533 1056 4580 ex
1075 4517 1210 4596 Patrumy
1260 4534 1329 4580 sum
1352 4519 1458 4586 herum
1476 4536 1583 4582 recum
1599 4520 1751 4595 absolute,
1769 4521 1824 4584 sed
1841 4523 1942 4584 solum
1957 4521 2129 4584 sustulisse

352 4619 429 4666 *nam
443 4601 570 4683 Ilionys.
600 4597 657 4663 tih'
686 4601 724 4661 dc
739 4600 833 4664 ditio.
850 4601 968 4669 nomio,
985 4615 1052 4680 cap.
1071 4601 1100 4663 ι.
1116 4606 1148 4662 et
1161 4601 1215 4662 ali·
1261 4602 1476 4665 contentiones
1500 4617 1562 4664 non
1589 4606 1796 4676 necessarias,
1812 4619 1850 4664 ex
1865 4619 1902 4666 eo
1917 4609 2023 4682 aperte
2039 4603 2129 4664 colii·

352 4685 399 4759 bi,
414 4691 572 4748 rocattres
584 4699 733 4760 personas
748 4686 809 4746 tres
824 4684 1020 4762 hypostases.
1035 4683 1121 4745 idem
1143 4683 1215 4750 lateii
1260 4685 1366 4762 gitur,
1393 4684 1474 4762 quod
1501 4685 1593 4747 iidem
1619 4692 1761 4748 auctores
1785 4685 1933 4761 scierunt,
1958 4685 1989 4748 in
2012 4685 2128 4748 eudem

358 4767 500 4832 lustinus
514 4767 547 4829 in
562 4767 660 4830 lib.de
672 4772 754 4827 recta
769 4765 855 4828 Fidei
870 4765 1006 4828 confess.
1023 4765 1107 4828 idem
1123 4767 1212 4830 litha·
1259 4765 1398 4830 Concilio
1423 4773 1567 4830 statutum
1594 4767 1704 4841 inisse,
1722 4775 1753 4830 nt
1769 4769 1816 4830 his
1834 4769 1960 4831 roribus
1975 4767 2128 4830 Catholici

354 4852 464 4916 nasius
480 4851 512 4916 in
527 4849 718 4930 Symbidem
734 4864 842 4910 omnes
858 4848 960 4927 graeei
976 4847 1214 4923 Patres,etCoa·
1260 4855 1420 4912 uterentur
1433 4850 1465 4912 in
1481 4851 1687 4928 disputatione
1704 4851 1850 4930 adsersus
1868 4851 2073 4921 sabellianos,
2088 4865 2128 4913 ne

357 4935 464 4996 cilium
479 4933 515 4996 i.
533 4949 602 5011 cap.
621 4932 651 4995 l.
668 4931 742 4992 ltem
756 4929 853 4992 llilar.
869 4930 923 4992 lib.
940 4931 978 4990 de
992 4931 1067 5010 Syn.
1091 4936 1122 4992 et
1135 4932 1215 5011 aug.
1259 4931 1476 4996 vocabulorum
1504 4934 1632 5012 penuria
1659 4949 1729 4996 cuut
1745 4933 1933 4998 sabellianis
1948 4933 2067 4996 sentire
2082 4934 2125 4996 ri·

357 5016 415 5080 lih.
429 5015 546 5078 illam.
560 5012 796 5094 uap.·8.etil.lib.
816 5011 950 5090 scapi.
967 5011 1107 5091 Deniqne
1122 5011 1215 5092 Greg,
1260 5013 1418 5078 derentur.

354 5099 492 5162 nazianz.
514 5095 596 5160 Orat.
612 5097 750 5162 deiuud.
780 5096 891 5158 hilion.
917 5094 982 5157 iere
1007 5101 1141 5158 extrema
1170 5111 1217 5158 re·
1303 5095 1388 5171 Quod
1405 5103 1506 5160 eutem
1522 5097 1665 5160 Socrates
1682 5102 1713 5160 et
1726 5096 1917 5177 iiieepborus
1931 5097 2061 5172 addunt,
2074 5114 2123 5160 ro·

355 5183 425 5260 lert,
441 5179 640 5244 Athanasium
655 5181 886 5243 demonstrasse
902 5178 984 5242 idem
1002 5179 1127 5240 omnino
1143 5194 1215 5262 sen·
1259 5195 1328 5247 pem
1350 5175 1524 5248 ιιοςοιοιιις
1556 5179 1716 5245 barbaram
1741 5197 1833 5252 esse,
1870 5189 1901 5244 ct
1927 5181 2121 5260 philosophis

356 5263 415 5328 tire
431 5279 571 5344 graecos,
585 5278 655 5324 cum
671 5269 813 5324 asserunt
828 5263 859 5322 in
875 5260 939 5323 Deo
955 5267 1016 5325 tres
1032 5277 1103 5323 esse
1119 5262 1216 5340 hypo.-
1261 5277 1343 5339 pene
1369 5263 1566 5341 incognitam,
1583 5268 1615 5324 et
1628 5263 1710 5341 quod
1734 5263 1922 5344 Nicephorus
1937 5270 2121 5344 nugamenta

355 5355 468 5422 stares,
480 5363 553 5413 eum
569 5361 606 5409 eo
622 5345 704 5423 qaod
719 5344 816 5408 Latini
836 5344 986 5416 sentiunt,
1014 5360 1084 5407 cum
1110 5343 1216 5406 dicunt
1261 5343 1395 5421 appellat
1419 5344 1642 5424 disputationes
1659 5347 1697 5406 de
1713 5345 1909 5410 distinetione
1938 5347 2048 5408 horum
2073 5362 2118 5406 ro·

355 5434 421 5492 tres
435 5446 506 5493 esse
521 5430 641 5495 divinas
656 5443 818 5507 personas,
836 5432 866 5486 et
880 5426 948 5494 sine
964 5442 1073 5488 caussa
1088 5424 1213 5487 Latinos
1261 5425 1453 5500 cab-olorum,
1481 5443 1544 5492 non
1572 5427 1698 5492 multum
1725 5429 1829 5492 roiert:
1847 5445 1916 5490 ιιιιιιι
1932 5429 2012 5490 hano
2025 5428 2117 5506 ipsam

355 5510 518 5588 ahquando
528 5509 662 5575 onetasos
675 5509 770 5571 inisse
783 5525 817 5570 ea
828 5507 1012 5578 Graecorum
1025 5508 1216 5588 phrasi,cum
1261 5524 1368 5570 rocem
1395 5525 1455 5574 non
1482 5507 1578 5572 luisse
1602 5511 1789 5589 incognitam
1807 5511 2002 5590 philosophis
2016 5510 2119 5572 reteri·

360 5591 400 5656 de
416 5607 450 5653 re
464 5594 547 5654 nulla
563 5593 718 5660 dissensio
731 5599 827 5656 esset.
1259 5591 1331 5664 hus,
1349 5597 1431 5668 putet
1446 5607 1484 5656 ert
1499 5591 1669 5660 Commeat.
1684 5594 1807 5668 ludaei,
1823 5596 1874 5672 qui
1890 5597 1962 5656 citet
1976 5593 2119 5656 Aristote-

372 5673 460 5740 ,Nee
485 5674 535 5736 his
550 5682 699 5753 repugnat
722 5674 895 5738 Concilium
921 5673 1106 5736 Sardieense
1134 5673 1215 5752 opud
1261 5675 1322 5738 lem
1339 5680 1369 5736 et
1384 5673 1596 5742 Tiremistium.
1624 5675 1833 5738 nobilissimos
1859 5675 2002 5738 rideticei
2023 5675 2120 5754 phito-

358 5755 512 5820 Theodor.
527 5755 620 5820 libe.
637 5759 709 5823 hist.
725 5774 792 5837 eap.
806 5756 837 5820 8.
853 5757 907 5818 nbi
922 5758 1065 5835 legimus.
1088 5757 1215 5820 traoreti·
1258 5758 1385 5833 sophus,
1403 5759 1456 5835 qui
1471 5771 1544 5820 rece
1565 5755 1745 5832 sasenates,
1761 5775 1821 5822 oon
1839 5756 2115 5824 nummismais

357 5856 463 5902 uorum
476 5853 560 5912 esse,
578 5845 639 5903 tres
654 5840 836 5919 hypostases
861 5856 1013 5908 asserere
1043 5838 1214 5902 Catholica-
1262 5840 1334 5902 licet
1356 5841 1431 5902 nulii
1454 5839 1631 5919 philosophi
1646 5857 1781 5918 unquam
1796 5857 1830 5902 es
1848 5857 1921 5904 vnce
1936 5839 1986 5903 usi
2000 5845 2121 5912 essent,

356 5937 426 5984 rum
441 5927 541 5983 autem
558 5934 648 5988 unitio
665 5923 867 5989 taratantara
880 5922 1048 5987 Concilium
1063 5922 1144 5986 idem
1160 5921 1216 5984 ibi·
1261 5937 1366 5986 nonne
1390 5925 1465 5991 satis
1480 5923 1571 5988 nohis
1585 5921 1713 5986 deberet
1727 5939 1810 5992 esse.
1827 5924 1908 6003 quod
1925 5939 1959 5986 ea
1976 5939 2052 5988 auec
2068 5927 2126 5986 uti·

357 6003 429 6071 dem
445 6005 579 6083 explicat
602 6005 783 6064 sententiam
810 6023 896 6068 suam
926 6007 1101 6077 adirmans,
1125 6021 1216 6072 tinam
1262 6010 1311 6072 tor
1332 6003 1642 6078 Paulus-Concilium
1656 6004 1833 6086 bissenum,
1852 6012 1884 6068 et
1897 6021 2006 6070 omnes
2022 6004 2127 6084 greum

357 6092 474 6155 tontum
491 6103 561 6155 esse
576 6087 609 6152 in
622 6085 687 6151 heo
701 6085 931 6168 hypostasimsi
947 6089 1122 6170 hypostasis
1137 6089 1216 6152 acci·
1261 6087 1379 6155 Patres?
1400 6089 1464 6176 ιιοιι
1485 6103 1557 6156 essa
1578 6093 1680 6152 autem
1695 6095 1881 6173 nugamenta
1896 6087 2127 6172 disputationes
