4792 7009
1018 711 1277 791 eronurunuus
1915 714 1971 778 aar

278 859 338 907 rna:
368 848 406 908 nt
420 841 715 927 antanasreahter,
744 863 780 912 ac
807 851 985 915 nominatim
1013 849 1135 929 tihiqut·
1184 853 1222 911 ct
1234 861 1302 909 curn
1319 845 1358 910 sit
1373 844 1519 918 ditinum,
1537 852 1762 928 consequemur
1777 855 1824 916 est
1839 850 2046 934 cnntputans,

278 934 382 992 tatem.
1189 931 1347 993 aetornum
1375 937 1405 992 et
1417 929 1531 1008 uhique
1547 935 1606 992 etc.
1624 929 1706 1001 Quae
1723 933 1822 995 emnia
1837 932 1924 1000 horta
1940 932 2048 1015 proha·

315 1005 433 1078 sintita
449 1008 541 1074 etiam
555 1010 646 1077 decet
660 1011 1017 1078 iiioeieusSeinoccerus
1034 1061 1042 1089 ,
1073 1019 1138 1077 tum
1187 1012 1213 1074 ri
1229 1019 1368 1092 pessunt,
1387 1014 1440 1075 sed
1453 1013 1551 1090 ,gratia
1569 1013 1794 1092 perspicuitatis
1807 1015 1906 1095 primo
1921 1031 2049 1098 agemus

279 1092 309 1154 in
325 1091 471 1172 raedig,
488 1099 551 1155 tum
566 1095 597 1156 in
613 1095 704 1179 epist.
721 1098 757 1159 ad
774 1096 1137 1178 Tirealeg.iiirtomherg;
1186 1095 1225 1158 rie
1245 1095 1440 1158 ietamatihus
1453 1097 1482 1156 in
1499 1108 1625 1176 genere3
1653 1096 1790 1158 secundo
1815 1097 1848 1160 in
1873 1097 2046 1180 particulari

278 1174 496 1252 scriptumne
524 1175 614 1242 titt.
644 1179 697 1241 uhi
714 1179 835 1241 demutat
850 1181 928 1242 hanc
957 1180 1139 1259 prepositio—
1185 1179 1224 1241 eie
1243 1177 1425 1260 Ubiquitnte.

278 1273 350 1324 uem
365 1263 398 1320 ut
411 1257 633 1338 blasphemam.
647 1263 801 1326 hamana
821 1265 993 1338 victurnio
1016 1262 1137 1324 cirriste
1215 1335 1219 1344 ¹
1347 1289 1349 1294 ·

273 1355 342 1404 neit
357 1341 1168 1430 etlcuempeienshtibldemdecetnepiiiereem-.
1346 1349 1348 1354 ’
1467 1379 1469 1384 ,
1536 1341 1653 1405 theut
1675 1342 1711 1409 X.

272 1425 428 1488 muniente
441 1439 515 1487 essa
526 1423 636 1489 Christi
648 1427 837 1500 ''leumanitati
847 1445 884 1490 ex
897 1429 1011 1490 unione
1041 1427 1136 1506 hype-
1582 1435 1585 1444 “
1661 1429 1663 1443 ’

275 1508 381 1570 station
397 1503 515 1570 intinita
538 1508 629 1572 dena.
647 1510 683 1571 ht
697 1512 780 1573 audit
795 1515 872 1574 hoec
888 1511 990 1584 amhn,
1019 1510 1133 1588 quihus
1187 1508 1241 1575 Em
1258 1507 1383 1572 anieno
1410 1508 1611 1590 hypostatica
1632 1525 1701 1573 nen
1711 1507 1847 1586 rietatem
1860 1508 2047 1574 cammunti·

271 1589 1133 1674 niheturemuineceniunriereproprietatcsnatururumr
1182 1591 1388 1654 ficationem
1418 1593 1754 1656 ietiematnncncaiem
1784 1600 1930 1672 respectu
1950 1595 2047 1659 natu·

274 1671 377 1750 Queat
398 1670 510 1750 iuquit,
526 1674 765 1752 adpetentiam
776 1677 899 1747 attinet,
930 1691 1006 1738 carn
1030 1675 1135 1738 Parate
1221 1689 1350 1760 rarum.
1593 1707 1600 1714 ·
2033 1698 2035 1709 ·

274 1754 451 1834 topiariam,
481 1755 512 1818 si
532 1760 741 1836 oepnuuinaue
772 1759 934 1824 Chtisttrm
955 1757 1136 1825 secantium
1744 1805 1746 1810 μ
1774 1831 1778 1838 ,

274 1853 418 1908 carnem,
431 1838 491 1900 aee
504 1853 595 1902 nuno
608 1843 854 1915 emmennone.
875 1841 1022 1904 Cessante
1035 1841 1135 1910 ¹enirn
1220 1838 1316 1918 igitur
1331 1848 1393 1900 nen
1411 1835 1629 1901 communicari
1652 1838 1774 1901 realiter
1788 1839 1953 1917 attributa,
1979 1839 2043 1906 siue

271 1917 461 1996 inienuitate
481 1925 603 1995 camis,
619 1925 704 1986 nitati
716 1927 755 1987 irc
769 1941 805 1987 ee
815 1926 889 2005 jam
902 1926 1052 1994 rwoimns
1066 1925 1135 1987 nisi
1179 1920 1323 1984 idiomata
1346 1921 1438 1983 unius
1468 1928 1593 1984 naturae
1603 1983 1606 1991 ,
1616 1921 1701 1984 aitcri
1730 1927 1855 1986 naturae
1872 1939 1909 1986 ex
1931 1923 1959 1986 vi
1985 1924 2044 2003 hy·

270 2001 843 2070 mrratemhtotnitatte.httntrazuo
866 2020 926 2086 per
954 2007 1013 2068 hec
1038 2008 1132 2086 qttitl·
1178 2004 1345 2084 pestetieac
1371 2003 1506 2078 arrianis,
1535 2005 1632 2082 primp
1658 2006 1769 2067 docent
1791 2005 2042 2070 sacraconcitta.
2115 2063 2117 2072 .

274 2086 356 2166 quid
368 2087 418 2148 uei
431 2086 540 2162 litarat
552 2089 657 2165 peine,
671 2091 723 2151 uel
738 2098 792 2153 cst.
807 2098 837 2152 ot
847 2095 957 2152 manet
984 2087 1132 2168 acestae-¹
1178 2085 1298 2153 iinmin
1317 2086 1454 2150 Concilio
1471 2083 1713 2149 Ctraieeeinnansi
1727 2088 1823 2149 achi.
1838 2091 1883 2151 sic
1896 2088 2040 2168 tegimus:

269 2168 501 2246 haeaemiicis,
515 2168 835 2246 factumesteirtatis
849 2175 963 2236 uncins.
1105 2232 1109 2238 ,
1179 2169 1280 2232 Scina
1294 2171 1465 2248 nemusque
1480 2170 1834 2248 nataraepreptietatc,
1849 2178 1877 2233 et
1891 2174 2044 2235 inunum

310 2250 572 2328 lieniqueemneu
586 2251 857 2334 Luthoranisupra
873 2256 955 2317 citati
974 2253 1061 2316 initio
1076 2255 1133 2318 hu·
1176 2259 1580 2332 concursante-persenam
1594 2260 1651 2314 etc.
1669 2252 1755 2329 tincti
1773 2253 1852 2314 idem
1869 2253 1998 2316 hahetur
2013 2256 2043 2316 in

221 2386 227 2398 .
272 2332 326 2414 jus
350 2332 418 2394 iibri
447 2333 528 2396 hanc
555 2337 669 2398 rentem
696 2339 1004 2401 mauritanieationom
1028 2337 1132 2400 ueten-
1178 2333 2043 2414 Conciiiei'i.act.i.etii.inCenciiiehlartinipapae

276 2417 360 2489 hunt,
378 2415 450 2476 ticet
464 2431 524 2477 nen
541 2418 725 2481 appropiant
740 2421 769 2482 in
788 2437 836 2495 eo,
855 2429 956 2487 utrum
966 2419 1022 2503 itia
1038 2422 1077 2482 sit
1091 2422 1131 2483 rie
1177 2433 1246 2478 ann.
1275 2417 1305 2480 e.
1323 2422 1354 2481 et
1370 2414 1402 2479 iu
1419 2417 1509 2492 epist.
1528 2415 1577 2478 tit.
1592 2434 1618 2480 s.
1631 2417 1743 2479 Leonis
1755 2416 1791 2478 ad
1804 2417 1937 2481 Flaviae.
1955 2417 2045 2482 Prae·

273 2500 409 2567 essentia
423 2498 546 2561 uetanis
560 2495 780 2581 hypostaticae,
807 2521 846 2566 au
872 2519 940 2568 cnm
957 2509 1069 2566 tantum
1083 2519 1132 2566 sc·
1176 2509 1263 2566 teron
1288 2501 1318 2562 in
1335 2499 1472 2563 introitio
1489 2497 1538 2560 li.
1556 2505 1615 2561 aot.
1633 2499 1682 2562 ii.
1699 2505 1730 2562 et
1744 2499 1774 2562 in
1792 2499 1929 2563 Concilio
1944 2501 2043 2564 hianti·

272 2585 392 2658 quatur.
888 2599 891 2604 ·
932 2590 938 2602 ·
1178 2581 2044 2665 ηἰρηρηηηηη.1θ.,11.12.ηῑεηηηηηῑίηηε.ᾱηθηίίηη

308 2659 466 2744 ΰηιηοῑίηη
477 2677 549 2727 uero
559 2664 696 2730 doctrina
711 2667 773 2731 dus
787 2669 887 2731 decet.
916 2667 1027 2740 Prinne,
1043 2683 1081 2730 ex
1096 2686 1131 2731 u·
1178 2673 1283 2727 centra
1302 2664 1528 2737 monothelitas
1542 2664 1576 2725 in
1587 2663 1705 2727 Christo
1718 2681 1780 2727 nen
1793 2666 1892 2727 sulum
1906 2663 1982 2728 dues
1993 2681 2046 2729 es·

267 2744 364 2808 niune
377 2747 564 2826 hypostatica
580 2758 748 2813 consecuta
762 2759 835 2814 'csse
849 2753 878 2812 in
895 2749 1006 2812 Christi
1024 2751 1129 2813 hirnea·
1176 2763 1214 2810 se
1231 2755 1353 2810 naturas
1371 2763 1439 2810 curn
1457 2748 1522 2808 suis
1538 2747 1785 2826 proprietatibus,
1800 2749 1853 2810 seri
1866 2747 1954 2810 etiarn
1968 2749 2044 2812 duas

263 2830 394 2889 nitatem
409 2830 501 2889 muita
518 2829 596 2892 doira
623 2841 723 2894 creata
749 2839 779 2896 et
808 2833 919 2896 inlusa:
951 2840 983 2895 ut
1004 2835 1129 2913 gratiam
1177 2831 1311 2897 existere
1337 2831 1509 2892 noluntates
1522 2835 1553 2892 et
1567 2831 1763 2908 operationes
1778 2829 1967 2894 inconfusas.
1983 2831 2042 2894 iie·

266 2909 572 2989 ‹excelleutissimam
588 2916 768 2993 sapientiam
786 2917 1130 2994 maximnmpotentiam
1176 2914 1270 2992 nique
1295 2913 1387 2992 epist.
1415 2911 1582 2990 agathonis
1609 2927 1717 2992 papae,
1746 2928 1824 2990 qnae
1850 2914 2043 2978 reciteturin

262 2991 467 3071 singularem,
483 3004 513 3057 et
526 2997 585 3057 ulia
602 2999 631 3057 ie
647 3015 758 3077 genum
775 3016 853 3078 quae
865 3006 965 3061 muron
983 3015 1042 3060 non
1058 3008 1130 3062 suut
1175 2995 1315 3060 Concilio
1338 2995 1386 3057 i'i.
1410 2993 1469 3056 act.
1483 2993 1513 3054 i.
1532 3001 1561 3057 et
1576 3012 1591 3056 a
1607 3000 1671 3074 tute
1686 2994 1821 3058 Ceneiiie
1836 2995 2034 3075 approbatur,

263 3079 408 3138 attributa
423 3075 566 3155 Ileitatisy
580 3081 639 3142 nisi
654 3098 710 3161 per
733 3083 994 3161 perticipationem
1023 3095 1129 3157 quarn·
1174 3079 1338 3153 hahemus,
1368 3079 1398 3140 in
1426 3075 1545 3139 Christe
1574 3079 1676 3157 emnia
1694 3089 1763 3140 asse
1778 3077 1928 3158 dupiicia,
1945 3078 2037 3152 idest,

264 3159 347 3229 rtarn,
363 3159 518 3236 qrrornorle
534 3164 623 3230 etiarn
647 3180 703 3225 nos
731 3165 948 3245 participamus
977 3163 1031 3224 ilci
1047 3169 1129 3226 atini·
1175 3167 1313 3228 naturas,
1331 3161 1543 3240 proprietatos,
1557 3161 1739 3230 uoluntates,
1754 3161 1959 3240 operationes,
1973 3161 2039 3225 seia

263 3239 337 3301 bute
355 3256 410 3318 por
424 3248 543 3303 creatas
554 3244 728 3322 qualitates,
758 3248 831 3310 iicet
853 3251 956 3309 nrirrus
980 3245 1126 3324 perlecto,
1175 3252 1300 3321 onceptn
1328 3243 1539 3311 subsistentia,
1562 3247 1702 3322 quaeest
1718 3259 1790 3305 una:
1807 3250 1837 3306 et
1853 3243 1967 3306 ibidem
1984 3245 2035 3307 ad·

263 3334 355 3400 quanin
372 3322 483 3385 Christi
499 3325 671 3388 humanitas
698 3345 732 3390 eu
761 3330 934 3408 participet.
966 3327 1071 3404 uonna
1097 3331 1129 3391 in
1174 3327 1269 3398 elitur,
1295 3325 1370 3388 duas
1397 3324 1573 3386 inceniusns
1589 3325 2039 3404 nuturaseeiiigiexneturali

259 3402 311 3465 iris
326 3407 469 3471 censistit
493 3411 729 3472 communite-atto
744 3413 920 3474 idiomatum
938 3429 946 3472 :
977 3422 1061 3472 unm'
1077 3411 1127 3475 iiia
1174 3405 1235 3472 bus
1263 3407 1442 3472 carumdem
1459 3414 1634 3470 naturarum
1651 3407 1899 3487 proprietatibus.
1916 3407 1960 3471 iix
1975 3425 2035 3489 que

259 3490 497 3551 communicatio
513 3499 559 3552 est
574 3499 690 3572 mutua3
706 3496 813 3558 horum
830 3502 930 3557 auiam
957 3497 1127 3558 communi·
1174 3493 1326 3572 sequitur,
1350 3491 1441 3570 otiam
1459 3491 1659 3570 proprietatos
1675 3505 1800 3554 manere
1815 3487 1993 3555 inconfusas
2010 3497 2040 3556 et

259 3567 341 3630 calin
357 3571 509 3635 donorum
525 3581 774 3649 nunestmutua,
799 3579 876 3641 nihil
904 3577 987 3640 enim
1016 3577 1124 3641 heitati
1173 3577 1344 3640 distinctas.
1504 3579 1506 3584 ’
2029 3597 2032 3608 ’

261 3653 408 3717 accessit.
559 3654 563 3661 '
1031 3700 1035 3706 -
1215 3659 1259 3720 Ex
1284 3657 1333 3720 his
1354 3655 1539 3735 colligimus,
1558 3655 1660 3717 multis
1676 3655 1776 3720 mauis
1791 3671 1951 3724 erroneam
1966 3672 2037 3722 csse

300 3735 463 3812 Secundo,
479 3753 517 3800 en
530 3738 647 3803 unione
664 3741 856 3822 hypostatica
881 3741 1025 3822 sequitur·
1040 3757 1123 3804 cem·
1173 3739 1414 3804 aduersariorum
1430 3738 1624 3801 sententium.
1639 3739 1711 3802 iiam
1729 3739 1838 3818 prime,
1855 3739 1881 3802 si
1897 3755 2033 3808 cammu-

257 3818 433 3880 muuicntio
448 3819 638 3897 idiomatum,
654 3841 734 3904 quae
749 3825 872 3904 quidem
886 3825 1122 3888 communicatio
1169 3827 1312 3886 nicantur
1336 3837 1406 3884 rare
1424 3827 1454 3882 ot
1471 3821 1592 3883 realiter
1608 3822 1726 3901 propria
1743 3821 1836 3884 unius
1853 3827 1978 3886 naturae
1994 3825 2036 3887 ai·

256 3914 324 3962 nen
341 3907 390 3961 est
405 3901 497 3964 neniis
509 3911 652 3983 respectu
675 3909 808 3986 ipsarum
837 3915 1025 3982 naturarum,
1048 3924 1124 3990 qua·
1167 3908 1222 3969 tori
1240 3911 1374 3977 naturae,
1392 3909 1421 3966 et
1436 3911 1553 3982 centra3
1567 3920 1639 3982 crgo
1653 3919 1713 3966 ηοη
1731 3911 1854 3967 manent
1865 3904 2028 3969 distinctae

255 3986 284 4043 si
298 3983 369 4061 ipsa
383 3981 527 4047 Divinitas
540 3987 615 4050 iacta
626 3993 667 4051 sit
680 3991 881 4069 passibilis,et
893 3991 1122 4069 umaniursroa·
1169 3997 1200 4052 et
1216 3989 1397 4050 inconfusae
1414 3986 1624 4064 proprietates:
1642 3987 1795 4066 quomedo
1811 3987 1893 4049 enim
1912 3993 2036 4052 manent

256 4065 329 4126 iiter
346 4065 386 4126 sit
402 4065 475 4128 iactu
492 4070 700 4148 omnipotens,
716 4079 747 4134 ut
763 4075 867 4134 nolunt
878 4073 1053 4148 Luthorani,
1069 4088 1122 4136 ne·
1168 4073 1342 4146 distinctae,
1366 4069 1392 4131 si
1416 4069 1546 4131 humana
1564 4075 1670 4131 nature
1686 4069 1779 4131 hahet
1791 4069 1924 4146 uicinas,
1942 4077 1973 4134 et
1989 4071 2035 4134 tii·

249 4145 319 4224 'hue
343 4155 391 4209 est
406 4151 497 4228 pinne
515 4153 657 4228 rerhniis,
672 4162 706 4216 ‘ut
722 4157 784 4216 nuit
800 4156 873 4217 liena
905 4157 936 4216 in
965 4155 1018 4216 tie.
1034 4161 1115 4218 cent.
1169 4157 1236 4216 rina
1265 4161 1369 4216 natura
1391 4152 1484 4214 habet
1500 4153 1649 4214 humanas
1665 4150 1885 4232 proprietates?
1899 4149 1988 4228 item,
2006 4153 2034 4219 si

257 4229 367 4293 hreni.
379 4239 413 4306 pt
430 4231 536 4296 Petrus
553 4243 664 4316 martyr
678 4239 709 4297 in
726 4237 803 4301 itini.
820 4241 858 4300 do
873 4237 966 4299 duab.
988 4245 1050 4299 naut.
1066 4238 1122 4299 sed
1168 4238 1445 4314 communicentur3
1462 4249 1536 4313 erge
1553 4250 1611 4296 nen
1628 4239 1702 4296 sunt
1717 4235 1849 4314 amplius
1865 4235 2034 4316 proprieta-

259 4320 307 4374 est
320 4308 414 4375 realis
425 4317 563 4395 qrridcrn,
579 4321 634 4379 sed
652 4328 793 4398 respectu
810 4320 984 4400 hypostasis
1006 4320 1121 4398 'utrius-
1168 4326 1228 4392 tcs‚
1252 4319 1308 4381 seri
1324 4317 1570 4380 communitates:
1587 4317 1740 4395 quomedo
1755 4316 1836 4379 enim
1854 4325 1900 4380 est
1915 4320 2033 4398 propri·

258 4411 319 4472 aare
336 4404 476 4474 naturae:
493 4415 554 4461 ηοη
567 4408 669 4463 autem
685 4410 829 4481 respectu
844 4407 978 4482 ipsarum
1000 4409 1120 4464 natura·
1167 4419 1232 4474 um,
1250 4401 1330 4480 queri
1347 4399 1518 4462 estiactum
1535 4399 1811 4475 cummunoiltcm,
1830 4401 2031 4479 proprietates

258 4486 392 4546 nument
405 4495 552 4558 expresse
564 4484 676 4546 ducent
688 4486 802 4549 intres.
819 4486 997 4548 Ambrosius
1020 4486 1073 4547 tih.
1089 4486 1120 4547 2.
1170 4486 1277 4547 harum
1305 4489 1493 4547 naturarum,
1510 4481 1722 4559 utplurimum
1738 4488 1809 4544 sunt
1825 4483 2028 4562 incompossi-

257 4563 295 4621 rlo
311 4561 384 4625 Fid.
402 4579 468 4643 cap.
484 4565 515 4627 i.
533 4569 723 4646 augustiuus
738 4569 826 4634 tihi.
843 4572 882 4632 uc
897 4567 980 4635 irin.
996 4568 1118 4646 capii.
1167 4567 1259 4638 biles,
1286 4571 1319 4628 ut
1342 4571 1401 4638 est,
1428 4579 1499 4626 esse
1513 4571 1647 4626 ereetum
1663 4571 1692 4626 et
1707 4564 1892 4636 irroreutum,
1913 4565 2032 4632 linitum

258 4641 350 4723 Cyrii.
368 4645 402 4706 in
417 4647 536 4710 deleas.
562 4648 594 4731 i„
619 4646 825 4724 anathemet,
855 4657 886 4714 et
914 4652 1123 4713 iiamasocnus
1168 4656 1200 4711 ot
1213 4649 1381 4720 inlinitum,
1398 4647 1513 4725 uhiquc
1530 4653 1560 4710 ei
1576 4663 1636 4708 ηοη
1653 4647 1780 4726 ubique,
1797 4663 1869 4726 erge
1885 4648 1910 4710 si
1927 4648 2029 4712 divine

257 4725 311 4786 hu.
330 4726 362 4787 3.
380 4743 449 4808 eap.
465 4723 567 4801 hubi
581 4732 666 4807 dicit,
684 4735 824 4796 idiomata
841 4735 1061 4798 communicari
1074 4735 1121 4793 ni·
1168 4740 1277 4794 natura
1291 4731 1401 4810 recipit
1413 4731 1563 4791 humanas
1580 4730 1792 4808 proprietates,
1811 4730 1929 4809 angitur
1941 4731 2031 4793 amit*

258 4808 300 4868 hii
317 4825 393 4872 csse
410 4814 505 4887 alieri.
522 4829 611 4891 quarn
627 4819 828 4894 proprietates
854 4820 1015 4893 utriusque
1036 4822 1121 4878 natu·
1168 4824 1232 4877 tere
1259 4831 1343 4877 suus:
1373 4819 1404 4874 et
1430 4814 1456 4874 si
1481 4813 1613 4874 humana
1640 4813 1749 4890 recipit
1763 4812 1891 4880 divinas,
1909 4815 2028 4891 cogitur

258 4906 309 4953 rae
325 4894 474 4972 applicari
487 4901 640 4959 communi
664 4899 831 4979 hypostasi,
850 4907 879 4962 et
895 4899 1023 4979 preinde
1043 4899 1121 4978 ipsis
1167 4900 1306 4960 amittere
1322 4913 1406 4970 suns;
1423 4896 1577 4974 quomode
1595 4909 1668 4974 erge
1683 4889 1775 4956 saith
1791 4894 2028 4974 proprietatibus

259 4975 378 5037 araturis
394 4979 424 5037 in
440 4980 668 5060 concatenata
684 4980 965 5045 concreta'nemine
979 4995 1035 5060 pre
1046 4998 1119 5059 sup·
1166 4980 1242 5043 iacta
1259 4987 1306 5043 cst
1321 4979 1508 5040 iucarnattc‘t

259 5056 361 5134 posito
377 5062 473 5140 accipi
491 5072 631 5139 possunt,
650 5065 722 5127 iiect
749 5065 917 5128 formaliter
942 5071 1063 5127 naturas
1079 5066 1118 5127 si·
1206 5063 1422 5140 hieriteitnque
1435 5079 1461 5123 s.
1476 5060 1661 5140 Augustinus
1673 5073 1767 5121 serm.
1783 5059 1852 5120 teta
1867 5059 1905 5122 de
1917 5065 2026 5138 temp„

257 5137 418 5218 guillcont.
777 5196 779 5199 .
995 5185 1006 5213 ‚·
1164 5148 1217 5224 qui
1244 5152 1302 5208 est.
1330 5145 1360 5207 3.
1377 5147 1416 5206 de
1430 5143 1514 5205 Trin.
1531 5143 1569 5203 itu
1586 5140 1731 5220 loquitur:
1748 5141 1885 5205 iliorum
1900 5157 2028 5222 arteque

294 5223 405 5302 ltaque
421 5231 504 5288 recte
518 5227 758 5297 dicimus,‘iious
771 5237 816 5292 est
829 5236 918 5291 natus
933 5245 970 5292 en
981 5229 1116 5311 Virgine,
1164 5227 1520 5292 eaucerem-ursianititcr
1531 5223 1775 5304 blasphemiam,
1792 5227 1942 5306 peinana
1957 5239 2031 5287 son·

256 5319 383 5381 passus,
397 5317 533 5370 mortuus
549 5319 620 5373 eto..
638 5315 708 5390 quia
724 5311 806 5375 ilous
821 5313 918 5389 accipi
941 5319 1041 5391 petest
1057 5329 1113 5392 pre
1161 5328 1202 5373 su
1217 5325 1358 5390 asserere
1373 5317 1544 5380 certantur,
1557 5324 1579 5369 a
1591 5314 1729 5386 tempere
1741 5312 1891 5388 acceptae
1903 5308 2023 5381 camis,

258 5389 398 5464 quoiuset
413 5397 573 5470 supposita
588 5393 702 5468 (lirino,
720 5402 749 5458 ot
764 5398 893 5474 proinde
922 5412 977 5476 pru
1003 5411 1117 5476 suppo·
1161 5396 1275 5458 amnia
1289 5409 1374 5475 quae
1389 5399 1483 5456 orani
1493 5391 1676 5454 Diairuitatis
1690 5390 1729 5452 in
1744 5388 1909 5452 heminam
1923 5389 2031 5452 aeae

260 5474 317 5533 site
333 5478 491 5536 secundae
507 5489 669 5553 personae,
686 5479 765 5554 quei
792 5485 839 5541 ost
867 5480 957 5540 simui
980 5479 1116 5543 diurnum
1160 5493 1284 5553 praese.-
1311 5483 1340 5539 et
1366 5493 1499 5540 russam
1524 5489 1608 5554 quate
1633 5472 1846 5535 humanitatis
1868 5472 2025 5546 orantia

260 5561 287 5614 et
301 5556 484 5617 trumnnurn:
500 5559 582 5635 quari
597 5563 791 5635 suppositum
805 5577 874 5622 cere
890 5571 920 5622 ot
936 5563 1058 5622 realiter
1069 5567 1117 5622 est
1160 5558 1263 5622 Deum
1289 5573 1355 5622 csse
1380 5559 1558 5636 transiisse,
1588 5563 1635 5631 nt,
1663 5553 1750 5634 paneae
1764 5554 1859 5617 notia
1873 5569 2025 5634 unquam

258 5633 350 5714 heus,
369 5648 400 5702 ct
413 5655 484 5701 nero
500 5648 530 5701 et
544 5641 666 5703 realiter
680 5648 727 5702 est
742 5643 844 5721 hcmn3
861 5651 890 5706 et
902 5645 1030 5723 proinde
1046 5659 1115 5704 rore
1160 5641 1303 5719 haeresis
1319 5657 1402 5704 uetsa
1414 5647 1459 5704 est
1470 5643 1587 5712 uicere,
1599 5639 1751 5732 uideatur
1761 5635 1822 5700 hac
1834 5637 2024 5714 neminemne

259 5723 423 5784 etreaiitcr
436 5727 597 5785 cstnaturn
610 5722 794 5804 cunilagine,
810 5743 947 5805 passum,
964 5734 1115 5789 mertuum
1159 5731 1299 5804 atraque
1311 5725 1485 5787 emittentia
1497 5737 1562 5785 csse
1573 5719 1764 5796 substantia,
1781 5724 1809 5782 et
1821 5719 1951 5783 Deitatis
1961 5721 2025 5781 scis
2093 5789 2098 5803 Ι

259 5804 558 5868 praecursionem
575 5811 657 5868 recte
682 5806 824 5883 dicimus,
856 5807 994 5871 Christus
1023 5809 1115 5870 home
1160 5805 1232 5870 iicet
1258 5812 1287 5868 ct
1306 5803 1537 5880 immanitatis,
1565 5811 1594 5868 et
1609 5801 1724 5864 emisso
1737 5804 1869 5882 propre
1883 5807 1971 5864 stuta
1985 5803 2023 5866 in

259 5889 901 5970 astomnipetens,aroternus,uhiqueetc.
927 5890 996 5970 quia
1019 5891 1113 5953 inemo
1159 5890 1482 5953 atinatessoinntata.
1700 5929 1701 5940 η
1867 5965 1885 5980 ..
1992 5921 2006 5980 '.

259 5967 288 6028 in
303 5980 449 6034 cerroreta
464 5980 523 6034 stat
536 5987 592 6052 pre
607 5973 767 6051 supposito
780 5979 925 6037 humanu:
950 5975 979 6035 in
992 5971 1114 6036 Christe
1199 5973 1243 6042 hri
1258 5973 1337 6035 hereo
1355 5971 1542 6052 respondere
1558 5973 1707 6062 conantur
1722 5967 1899 6030 aduersam:
1914 5971 2021 6064 etpri-

257 6061 356 6119 nutem
372 6057 564 6138 suppositum
577 6055 712 6120 ditinum
724 6064 752 6120 et
765 6057 931 6122 hermanum
949 6063 1110 6134 uuumcst,
1158 6072 1241 6119 mum
1269 6057 1410 6120 Brentius
1437 6053 1491 6117 iih.
1509 6051 1547 6115 rie
1566 6057 1685 6130 mayest.
1704 6049 1813 6115 Christ.
1830 6049 1914 6115 hem.
1932 6049 2018 6112 dreit:
