4792 7009
410 713 463 775 338
1010 712 1054 772 oli
1073 709 1211 769 ltelllllo
1230 710 1407 771 totilllcli

336 850 492 930 publicum
505 844 668 927 gubernari
680 842 834 909 solebant.
851 846 893 909 lie
908 842 1041 911 ilenrico
1063 847 1113 911 lll.
1130 846 1198 911 vide
1245 846 1399 929 (ilplaus)
1420 862 1495 911 enm
1514 842 1591 925 liliis
1610 840 1678 904 suia
1700 846 1937 911 concessionem
1957 846 1988 913 b.
2004 850 2114 927 Petro,

337 948 416 1013 quae
433 948 523 1013 supra
541 929 722 997 sancimus.
740 929 794 991 lib.
810 929 841 991 l.
858 944 926 1009 cup.
944 930 994 991 13.
1245 932 1378 1011 ejusque
1397 931 1521 994 matario
1542 930 1582 992 de
1602 925 1786 987 diviniores
1800 929 1915 995 ltaliae
1931 950 1970 996 oc
1985 935 2115 996 territo·

376 1014 480 1093 Neque
495 1012 599 1093 optimi
615 1011 773 1091 principes
793 1011 915 1075 luerunt
935 1014 1034 1075 solum
1051 1013 1083 1085 ii,
1100 1012 1152 1092 qui
1167 1028 1198 1073 u·
1244 1015 1304 1076 diis
1316 1029 1376 1091 per
1389 1014 1572 1093 dampnatos
1586 1007 1677 1087 lineo.
1694 1008 1831 1076 dionis
1842 1016 2042 1078 cnmircsnla
2056 1016 2115 1079 Co·

336 1096 514 1177 postolicam
531 1096 636 1157 sedem
653 1095 692 1157 ita
705 1090 845 1169 ditarunt,
866 1097 921 1158 scd
945 1098 1041 1157 eliam·
1059 1096 1197 1175 plerique
1243 1097 1349 1165 risilm
1367 1098 1446 1159 inde
1459 1096 1497 1159 in
1511 1096 1689 1163 maronam,
1705 1091 1741 1153 tn
1757 1103 1897 1160 montem
1911 1099 2113 1173 Bardonem

335 1196 441 1243 eorum
458 1182 508 1261 qui
523 1178 674 1258 ejusmodi
691 1194 777 1257 opes,
795 1184 825 1239 ot
845 1177 1047 1255 principatum
1072 1193 1197 1257 recepe·
1247 1179 1418 1250 l'crcetnm,
1432 1178 1596 1241 Parmam.
1610 1174 1776 1249 Rimmon,
1790 1177 1967 1250 Mantuam,
1979 1189 2117 1244 elmon·

336 1270 418 1325 ruat.
434 1262 506 1325 llum
523 1262 655 1323 Leonem
673 1260 722 1323 lv.
739 1260 894 1323 miraculis
920 1261 1068 1323 claruisse
1090 1260 1198 1323 scribit
1242 1267 1305 1323 tem
1316 1261 1435 1332 Silicis,
1448 1261 1609 1337 dractona
1621 1257 1811 1323 rtnioetsnm
1823 1264 2041 1327 exercitatum
2051 1266 2115 1326 ltn-

335 1345 462 1409 Platine.
480 1346 611 1407 Leonem
625 1344 678 1405 lll.
695 1358 803 1405 omnes
817 1342 983 1423 scriptores
997 1350 1136 1407 sanctum
1146 1359 1198 1405 ro·
1244 1358 1381 1415 emmae,
1395 1346 1481 1407 dent
1494 1343 1676 1423 antiquitas
1689 1339 1762 1414 iltit.
1780 1360 1854 1407 eum
1866 1348 2045 1425 provincias
2061 1349 2116 1407 l’e-

336 1436 417 1496 caut,
435 1433 465 1491 et
481 1426 635 1490 miraculis
650 1425 797 1487 claruisse
812 1426 951 1488 scribunt
962 1424 1141 1506 sigebertus
1156 1431 1199 1487 at·
1244 1428 1409 1489 nctiornm
1423 1434 1453 1489 et
1468 1426 1618 1488 Histriae:
1635 1428 1848 1507 nicetamque
1863 1430 2020 1492 decatum
2033 1430 2115 1506 spa

335 1526 397 1590 que
412 1512 489 1573 Otbo
514 1507 732 1589 Frisiugeosis.
764 1508 941 1587 Gregorium
954 1508 1018 1571 vll.
1048 1508 1198 1571 illustrem
1245 1509 1759 1584 letinan‚aclieoceentcnun.lir
1773 1510 1862 1571 iutra:
1876 1510 2009 1574 Demnm
2020 1514 2116 1575 idem

335 1592 492 1657 miraculis
507 1592 704 1670 iuisscmlque
717 1590 808 1653 etiam
820 1592 915 1653 virum
931 1594 1078 1673 optimum
1093 1590 1201 1653 scribit
1245 1606 1384 1655 amona
1394 1608 1611 1655 crtmromono
1621 1589 1814 1671 pondficein
1825 1592 2116 1659 italianrceniens.

333 1674 514 1739 lambertus
541 1673 864 1753 scuaduabargcasis‚
898 1681 928 1737 et
949 1690 1006 1737 uos
1029 1675 1067 1737 de
1089 1675 1197 1735 ecdem
1244 1674 1444 1741 Rauennam.
1461 1674 2115 1759 etaticsotpintrcteitnteedistrdpuome·

335 1760 427 1821 ruulta
444 1760 575 1821 diximus
590 1758 645 1821 lib.
659 1774 729 1839 sup.
746 1756 911 1820 Caelestini
925 1757 1053 1819 tultam
1069 1758 1196 1819 sanctis·
1244 1764 1369 1819 morato
1390 1757 1544 1833 subiatas,
1568 1759 1763 1835 apostolieae
1776 1761 1848 1822 sedi
1860 1760 2005 1840 stilicen.
2023 1762 2114 1823 ldcm

335 1844 457 1916 simam,
480 1848 511 1905 et
531 1841 686 1905 miraculis
701 1838 912 1923 plenissimam
928 1839 1076 1906 describit
1089 1839 1197 1901 Petrus
1241 1838 1304 1901 Leo
1325 1840 1380 1901 lib.
1404 1841 1434 1902 3.
1457 1858 1525 1917 cap.
1547 1838 1600 1902 18.
1615 1840 1720 1908 Anno.
1739 1840 1848 1921 iuquit.
1863 1843 2115 1907 incarnationis

332 1924 370 1987 ab
387 1925 488 1987 dlinco
504 1924 671 2003 episcopus
686 1923 922 1987 cameracensis.
939 1922 1078 2003 lienique
1092 1921 1196 1984 Adria·
1241 1922 1430 1985 dominicae
1446 1922 1536 1984 tole.
1548 1922 1703 1986 dlatlrildc
1719 1924 1893 1995 eomitissa,
1906 1926 2115 1989 ilenriciim-

333 2024 405 2069 rrum
428 2006 453 2069 l.
478 2006 613 2069 Leonem
628 2006 683 2069 lll.
699 2004 854 2069 Nicolaum
870 2004 895 2067 l.
912 2004 1125 2067 innocentium
1142 2002 1194 2065 lll.
1238 2006 1400 2084 pecularis
1422 2005 1601 2069 exercitum
1622 2007 1764 2078 tianeus,
1787 2006 1955 2087 Lipueiom
1975 2016 2006 2072 et
2028 2008 2115 2071 Thac·

332 2092 472 2169 aliosque
486 2091 661 2165 nonnullos,
672 2089 837 2165 scriptores
850 2104 957 2151 omues
969 2088 1103 2161 laudaut,
1118 2102 1196 2165 quos
1241 2088 1342 2149 sciam
1355 2088 1840 2167 peomneiesdrepormpapae,
1858 2092 2114 2154 etS.!t.B.de·
2199 2105 2200 2132 t

333 2178 433 2235 tamen
458 2172 532 2235 satis
554 2178 690 2245 couslut,
714 2172 795 2233 buno
816 2171 1020 2251 principalem
1042 2186 1103 2233 una
1125 2186 1195 2233 curn
1239 2171 1401 2233 notissime
1421 2171 1546 2233 obtulit.
1563 2170 1600 2232 lit
1614 2176 1733 2233 exstant
1748 2171 1860 2235 llornac
1874 2174 2048 2237 authentica
2065 2175 2114 2235 in·

331 2256 508 2335 pontillcatu
525 2254 766 2317 administrasse.
1242 2260 1408 2315 slmmenla
1441 2254 1549 2315 barum
1581 2257 1612 2315 et
1632 2254 1778 2317 similium
1800 2254 2011 2319 donationum.
2048 2257 2112 2319 Sed

373 2339 512 2416 lienique
532 2336 676 2415 probatur
698 2336 803 2399 ultimo
825 2334 1024 2479 ergerieutia.
1048 2334 1120 2397 liam
1137 2333 1196 2396 etsi
1241 2336 2113 2417 etiamstatrdlcommessura,abuudcsutllceretprac·

331 2419 471 2485 absoblte
487 2421 563 2481 iorle
579 2426 755 2497 praestaret,
774 2421 857 2498 pouti
884 2434 936 2481 ces
952 2424 1079 2479 tractare
1094 2418 1194 2479 solam
1241 2419 1368 2496 scriptio
1389 2416 1461 2480 811).
1477 2432 1638 2480 annorum.
1655 2420 1728 2481 dam
1745 2421 1834 2481 eliam
1850 2438 1942 2501 regua
1960 2432 1989 2483 et
2006 2424 2106 2503 impe·

332 2503 514 2578 spiritualia,
532 2509 561 2565 et
575 2518 667 2582 reges
683 2502 871 2580 temporalia3
885 2507 985 2563 lamen
997 2507 1122 2580 propter
1133 2516 1195 2561 rna·
1242 2500 1284 2561 ria
1301 2517 1356 2576 per
1371 2500 1561 2563 latrocinium
1578 2501 1737 2579 acquisita,
1751 2504 1874 2565 landem
1886 2504 1977 2583 longo
1990 2511 2111 2582 tempo·
2199 2535 2200 2542 ,

330 2585 426 2647 liliam
443 2592 610 2663 temporum
624 2584 809 2666 experientia
822 2584 941 2656 clamat,
955 2598 1015 2645 noa
1027 2584 1126 2647 solum
1139 2582 1195 2645 uli·
1242 2599 1276 2644 re
1290 2583 1368 2644 liunt
1383 2584 1529 2662 legitime:
1545 2583 1659 2663 alioqui
1675 2585 1757 2647 enlm
1770 2602 1831 2663 quo
1840 2584 1910 2665 jure
1921 2586 2023 2649 Julius
2036 2587 2111 2649 Cae·
2199 2625 2200 2652 t

332 2668 413 2743 liter,
430 2669 485 2731 sed
501 2668 591 2731 etium
606 2668 792 2737 necessario,
806 2673 836 2728 et
848 2684 884 2728 ex
895 2666 1044 2746 singulari
1056 2666 1110 2729 Dei
1128 2682 1196 2744 pro·
1242 2682 1293 2727 sar
1313 2667 1472 2745 occuparit
1490 2682 1649 2729 romanum
1670 2666 1850 2746 imperium?
1865 2676 1894 2727 et
1908 2675 2011 2731 umen
2029 2678 2112 2731 tem·
2199 2683 2200 2744 4

330 2750 462 2813 ridentia
480 2750 608 2812 donatos
623 2751 719 2813 luisse
736 2748 881 2828 pontifici,
898 2750 1028 2829 aliisque
1039 2748 1196 2829 episeopis
1241 2762 1317 2827 poce
1337 2748 1457 2827 lyborii
1472 2748 1610 2812 cbristus
1624 2749 1666 2811 ait
1678 2750 1783 2813 llcttb.
1799 2751 1850 2813 22.
1867 2752 2003 2816 Reddite
2020 2770 2110 2832 ortae
2199 2779 2200 2864 p

331 2834 518 2913 temporales
534 2835 653 2913 aliquos
669 2832 870 2913 principatus:
887 2833 913 2894 si
930 2833 1011 2894 euim
1028 2834 1057 2893 ln
1073 2832 1194 2895 Germe·
1239 2836 1317 2894 senat
1339 2831 1485 2894 caesare
1508 2831 1648 2894 Caesari.
1671 2832 1737 2908 Quo
1755 2833 1826 2913 jura
1841 2834 1947 2895 Franci
1964 2836 2112 2901 Galliam.
2199 2889 2200 2910 ,

331 2915 382 2977 nia
403 2916 544 2995 episcopi
566 2916 722 2995 principes
738 2930 797 2977 noa
813 2916 955 2989 luissent,
972 2915 1046 2976 nulli
1062 2916 1098 2976 ud
1115 2916 1194 2976 banc
1239 2914 1375 2976 saxonas
1396 2914 1593 2988 Britanniam,
1610 2914 1700 2977 Gotbi
1716 2915 1893 2995 Hispaniam
1907 2916 2110 2979 invaserunt?
2199 2961 2200 2996 ,

332 2996 414 3060 diem
431 2999 461 3061 iu
478 2998 543 3061 suls
558 2998 686 3062 sedibus
706 2999 957 3077 permansissent.
975 2996 1059 3061 Siout
1074 3012 1147 3077 ergo
1162 2997 1193 3059 in
1241 3002 1387 3059 ettamen
1402 3000 1472 3074 quis
1487 2996 1545 3059 boc
1561 3002 1697 3073 tempore
1709 3015 1802 3081 regne
1814 2998 1852 3062 ab
1865 2999 1926 3064 illis
1938 3002 2109 3063 constituta
2199 3001 2200 3008 ’

329 3081 523 3145 'testamento
538 3081 633 3144 reteri
648 3081 699 3143 diu
713 3081 833 3143 luerunt
844 3080 1004 3160 pontifices
1016 3082 1085 3142 sine
1097 3081 1195 3159 impe·
1241 3078 1399 3159 illegitima
1414 3094 1486 3143 esse
1498 3079 1638 3142 eliceret?

332 3164 379 3225 rio
395 3165 566 3243 temporali,
579 3170 609 3227 et
623 3170 723 3226 tamea
736 3163 851 3226 ultimis
868 3162 1056 3242 temporibus
1069 3178 1128 3224 nou
1141 3178 1196 3242 pa·
2199 3187 2200 3198 ¹

332 3252 409 3309 terat
429 3247 537 3326 religio
560 3247 729 3311 consistere
750 3252 781 3308 et
804 3244 939 3319 delendi,
958 3245 1015 3306 nisi
1033 3244 1195 3323 pontifices

334 3330 426 3392 etiam
442 3346 533 3411 reges
549 3336 664 3405 essent,
682 3328 835 3391 nimirum.
850 3335 987 3407 tempore
999 3328 1195 3391 licebahueo·
1466 3319 1470 3328 '
1579 3326 1699 3392 istut
1721 3325 1760 3391 x.

331 3428 412 3487 ram3
436 3414 474 3474 ila
497 3428 622 3507 qaoque
643 3410 794 3476 occidisse
814 3410 953 3473 ridemus
975 3412 1141 3484 Ecclesiae,
1165 3418 1198 3472 ut

332 3511 412 3575 quae
427 3496 534 3574 primas
549 3496 739 3575 temporibus
754 3494 792 3557 ad
808 3494 995 3575 majestatem
1011 3510 1097 3556 suam
1111 3500 1195 3556 luen·

331 3578 400 3655 dam
415 3579 574 3655 temporali
591 3578 762 3656 principatu
778 3592 841 3639 aaa
856 3574 976 3657 egebat,
990 3592 1072 3639 nunc
1085 3578 1193 3641 codem
1383 3576 1560 3641 Solvuntur
1572 3580 1768 3657 aspernenter
1782 3578 1960 3643 contraria.

331 3660 508 3723 necessario
524 3660 662 3740 indigere
677 3660 826 3722 rideatur.
1253 3702 1258 3711 .

371 3741 438 3804 lam
449 3758 520 3805 vero
533 3744 613 3821 quod
625 3742 694 3823 jure
705 3742 816 3804 babeat
826 3758 965 3805 summus
977 3742 1111 3823 pontiiex
1123 3758 1193 3806 eum

331 3824 547 3905 principatum,
570 3840 662 3905 quero
684 3826 798 3893 babet.
822 3824 942 3903 probari
966 3833 1071 3904 posset
1093 3827 1191 3899 iacile,
1279 3824 1431 3903 Superest
1442 3830 1621 3905 argumenta
1634 3825 1764 3889 solvere,
1779 3822 1879 3887 Primo
1891 3825 1997 3905 objicit
2008 3827 2109 3889 Cairi-

329 3908 399 3983 quia
416 3908 497 3969 dono
514 3908 686 3987 principum
702 3908 818 3983 babuit3
835 3909 881 3969 sic
897 3908 979 3969 euim
995 3908 1102 3971 scribit
1118 3910 1193 3971 Peu—
1242 3924 1301 3970 nus
1317 3908 1370 3971 lib.
1387 3909 1418 3971 i.
1448 3909 1524 3970 lust.
1541 3926 1609 3986 cup.
1627 3908 1678 3970 11.
1694 3907 1711 3987 p
1726 3906 1757 3969 8.
1775 3908 1849 3969 illud
1862 3906 1962 3969 llallb.
1978 3909 2031 3973 20.
2044 3911 2106 3973 Re·

330 3990 379 4051 lus
394 3991 542 4053 dlaconus
558 3990 597 4052 de
612 3992 707 4071 gestis
724 3988 991 4070 langobardorum
1008 3992 1063 4054 lib.
1077 3992 1107 4055 b.
1122 4008 1194 4072 cap.
1237 4006 1291 4067 pes
1311 3993 1457 4069 pentima
1471 3992 1687 4054 dominanter
1704 4006 1826 4064 eornm,
1841 4006 1897 4053 nos
1912 3998 2022 4053 antem
2036 4010 2109 4056 narr

328 4072 379 4134 is.
402 4072 561 4155 daipertus
576 4089 630 4135 rer
646 4072 913 4153 Langobardorum
929 4075 1125 4137 donationem
1141 4094 1192 4154 pa·
1235 4074 1293 4135 sie.
1308 4071 2023 4152 SipnipicatenimDominustiuuuitCalrinust
2036 4094 2109 4138 raon

329 4154 463 4217 trimouii
485 4155 603 4235 lllpium
628 4156 778 4227 coartare,
807 4171 886 4235 quae
908 4163 1060 4235 quondam
1084 4160 1119 4219 ad
1139 4160 1192 4239 jus
1236 4158 1332 4218 modo
1352 4157 1492 4234 postoris
1506 4156 1647 4236 ammaim
1661 4156 1848 4219 intinctum
1863 4172 1928 4219 csse
1944 4156 2108 4239 abellisin

328 4236 517 4315 pertinuerat
539 4240 726 4319 apostolicae
747 4238 843 4305 sedis,
866 4238 922 4299 sed
944 4256 959 4299 a
983 4239 1192 4319 longobardis
1233 4240 1405 4318 principis,
1421 4242 1543 4302 sedres
1558 4254 1623 4301 esse
1636 4240 1742 4319 caepis
1755 4246 1933 4317 separatas,
1951 4257 2053 4318 qnam
2070 4248 2109 4303 nt

330 4323 425 4383 mullo
448 4328 586 4399 tempore
609 4320 727 4383 luerunt
748 4322 876 4389 ablatae.
901 4322 1042 4391 restituit.
1068 4330 1097 4384 et
1113 4324 1192 4386 hauc
1236 4324 1275 4384 in
1294 4338 1400 4383 nranm
1422 4322 1585 4384 bominem
1600 4323 1686 4384 coire
1701 4327 1832 4401 arceant.
1847 4320 1885 4382 br
1898 4325 2046 4396 daonium
2062 4326 2105 4383 ri·

329 4405 526 4465 donationem
543 4404 645 4466 aureis
661 4405 920 4467 literisexaratam
932 4404 1057 4465 Romam
1070 4406 1190 4469 direxit.
1236 4405 1329 4465 debat
1343 4405 1588 4483 Calvinusposse
1600 4404 1692 4481 objici
1705 4406 1878 4476 excrnplum
1890 4403 2014 4484 illapsis,
2030 4408 2106 4466 sub·

329 4485 476 4567 Ejusdem
489 4486 555 4549 sire
566 4484 777 4558 restitutionis,
791 4488 855 4547 sire
869 4487 1042 4549 donationis
1056 4491 1193 4552 meminit
1234 4486 1347 4565 jrmptr:
1371 4487 1452 4549 llam
1472 4489 1560 4566 palad
1574 4487 1696 4568 diopees
1707 4494 1883 4567 amenaque
1896 4489 1995 4548 morrei
2009 4490 2103 4549 susti·

328 4568 409 4631 lteda
431 4570 461 4630 ia
485 4569 538 4630 lib.
563 4570 602 4631 de
623 4584 678 4633 sex
700 4568 862 4646 aetatibus3
885 4569 931 4630 sic
953 4568 1042 4631 etiam
1059 4572 1193 4649 loquitur
1234 4570 1567 4647 eruta-prinnmraro
1581 4570 1792 4633 idmiracnio
1806 4571 1929 4647 iactatas
1941 4572 2106 4633 ascesin·

328 4652 394 4713 Ado
410 4652 440 4712 ia
456 4650 569 4715 chron.
586 4652 657 4713 anari
674 4649 744 4713 let.
761 4651 899 4728 Insuper
908 4652 1045 4731 Pipinns
1057 4670 1118 4717 rem
1131 4656 1190 4718 lia·
1235 4654 1275 4713 de
1288 4650 1353 4730 init
1366 4653 1610 4731 temporariam,
1627 4653 1728 4714 detrec
1740 4666 1792 4713 res
1806 4653 1920 4713 malins
1933 4668 2108 4731 compone·

325 4748 480 4806 cannam,
497 4740 660 4817 totamque
675 4734 879 4815 Pentapolim
893 4752 919 4797 s.
934 4738 1086 4815 apostolis
1098 4735 1191 4801 Petro
1234 4740 1359 4797 rentur.
1386 4735 1441 4797 libi
1461 4742 1569 4796 antem
1591 4741 1677 4797 certo
1696 4734 1803 4812 ioman
1825 4752 1846 4795 a
1861 4735 1997 4797 Domino
2007 4752 2109 4815 prac-

328 4819 358 4877 et
382 4814 487 4879 Ponto
512 4818 659 4880 tradidit.
686 4818 724 4879 lit
749 4823 845 4880 exstat
858 4820 890 4878 in
906 4818 1029 4880 ‹lecrelo
1046 4820 1190 4895 Gratiani,
1235 4816 1397 4884 scribitenr,
1415 4817 1519 4879 ciuilis
1534 4817 1725 4895 monentia
1738 4817 1987 4896 cirelinqnitnr,
2000 4834 2110 4880 socer·

327 4897 1190 4981 (115113.101511111111110111111110111113111111111
1236 4901 1361 4961 dotirom
1376 4900 1511 4978 jrtbelnr
1532 4902 1629 4976 tratri
1648 4900 1834 4979 resipnore,
1858 4904 1886 4961 et
1905 4901 2041 4977 merilo;
2065 4909 2113 4962 est

327 4981 406 5043 banc
421 4982 561 5043 termam:
578 4984 644 5063 Epo
659 4982 841 5051 lntdecicns
857 4983 1078 5047 Romanorum
1090 4986 1191 5064 incpe-
1236 4984 1324 5044 euim
1336 4989 1607 5061 supranaturam
1617 4988 1654 5046 nt
1664 4999 1751 5046 amna
1764 4983 1858 5045 iromo
1870 4982 2000 5063 utrique
2014 4984 2112 5047 oneri

326 5070 418 5127 rotor
437 5062 624 5143 Anacutas,
646 5072 751 5129 statuo
774 5074 803 5128 ct
824 5068 961 5128 concedo
981 5082 1041 5145 per
1062 5068 1191 5147 ltocpc-
1234 5062 1385 5145 artificiat.

327 5153 414 5209 ctttm
429 5145 683 5225 confirmationis
693 5152 823 5212 nostrae
835 5148 892 5211 tibi
903 5148 932 5211 b.
946 5148 1193 5230 Petroprincipi
1276 5131 1464 5227 llesprmdeo
1486 5148 1662 5227 dupliciter.
1683 5146 1796 5220 Primo,
1813 5146 1973 5211 bominum
1990 5146 2043 5209 lric
2058 5164 2110 5210 sn-

328 5230 559 5309 apostoloram,
579 5236 612 5292 et
631 5246 690 5310 per
711 5238 740 5295 te
759 5233 883 5294 cicada
906 5236 960 5293 tno
987 5233 1191 5315 donninopa
1235 5230 1299 5291 lum
1321 5230 1481 5293 instituere
1505 5246 1607 5293 meros
1630 5230 1786 5309 principes
1810 5230 2054 5304 ecclesiasticos,
2072 5249 2109 5293 ac

326 5312 432 5374 salluii
450 5310 597 5392 pontifici
616 5330 753 5384 wemma,
768 5314 1043 5377 etsnccessoribus
1065 5313 1133 5393 ejtts
1154 5318 1192 5380 im
1237 5312 1362 5384 decere,
1379 5315 1495 5375 debere
1510 5330 1564 5377 eos
1583 5318 1615 5376 ul
1628 5312 1704 5375 teies
1716 5314 1782 5374 suis
1798 5328 1942 5391 praeesse
1954 5312 2103 5385 subditis,

321 5400 527 5474 perpetuum,
550 5398 634 5459 sient
655 5414 677 5459 a
695 5397 996 5477 praedecessoribus
1010 5400 1121 5461 uestris
1135 5416 1188 5462 ns·
1237 5412 1298 5457 non
1314 5412 1398 5458 more
1412 5412 1520 5476 regum
1535 5404 1565 5459 et
1579 5395 1785 5474 dominorum,
1808 5395 1863 5456 sed
1880 5412 1964 5458 more
1978 5402 2103 5473 patrum

325 5492 387 5555 otte
401 5492 491 5541 amec
505 5481 543 5541 in
556 5484 662 5542 oestro
674 5486 837 5558 potestate,
855 5480 1187 5555 adnunciationis,
1238 5486 1268 5540 ct
1288 5487 1457 5559 pastorum:
1482 5497 1541 5540 nort
1559 5484 1660 5539 autem
1676 5478 1815 5557 sequitur
1830 5478 1924 5544 laiac.
1952 5494 2013 5538 nan
2031 5494 2104 5554 pas·

326 5566 355 5622 ct
376 5561 579 5640 disposuistis
600 5576 775 5625 romanam
795 5562 957 5625 cioilatem
977 5578 1050 5626 cnm
1065 5566 1189 5627 ducatu
1237 5579 1272 5623 se
1300 5578 1395 5623 arnum
1425 5569 1455 5623 et
1480 5563 1621 5624 eumdem
1651 5576 1722 5623 esse
1748 5562 1929 5640 episcopam
1944 5570 1975 5621 et
1991 5560 2106 5639 prind-

326 5656 396 5717 suo,
420 5648 450 5706 ct
469 5642 676 5721 emoriente,
700 5651 729 5709 et
743 5646 911 5708 territoriis
926 5645 996 5723 eins
1013 5650 1188 5720 montanis,
1238 5658 1320 5723 pem.

326 5729 356 5785 et
375 5728 559 5801 maritimis,
584 5726 752 5802 littoribus,
766 5726 977 5809 erpantalae,
993 5732 1190 5792 concrematis
1277 5726 1457 5807 Exemplum
1473 5732 1572 5790 autem
1590 5724 1714 5805 llopsis,
1727 5726 1809 5805 quod
1822 5722 1962 5788 calvinus
1975 5733 2108 5787 conatur

327 5806 519 5883 civitatibus,
533 5810 1192 5893 castellieoppidis,oouillisinrlntscice
1239 5809 1378 5879 eludere,
1401 5810 1527 5871 omuino
1549 5808 1712 5872 convincit.
1735 5808 1821 5883 Quod
1845 5808 1926 5869 euim
1948 5810 2002 5869 ille
2017 5808 2105 5880 dicit,
2199 5877 2200 5888 χ

325 5890 486 5968 partibus.
1240 5907 1306 5953 ntro
1328 5892 1475 5954 mimeulo
1497 5893 1527 5953 id
1549 5893 1659 5954 lactum
1682 5905 1776 5961 esse,
1810 5890 1969 5953 manileste
1990 5890 2106 5953 salsum
2199 5891 2200 5906 ¹

344 5991 348 6002 ·
370 5970 445 6033 itera
459 5973 518 6037 beo
531 5975 875 6055 episcopusboslieasis
888 5976 943 6040 lib.
958 5979 986 6039 l.
1000 5977 1112 6040 curan.
1127 5994 1193 6040 cas·
1238 5975 1404 6037 ostendunt
1424 5976 1563 6055 exempla
1585 5976 1672 6035 alluta
1695 5974 1734 6035 de
1756 5972 1995 6042 llelcbiserleclr,
2020 5972 2103 6042 llcli.
2199 5975 2200 6038 3

332 6053 434 6120 sinen.
457 6070 525 6134 cap.
549 6058 578 6119 1.
602 6058 699 6133 Fecit,
723 6059 839 6137 inquit,
861 6060 949 6123 idem
969 6061 1109 6141 inclytus
1130 6076 1192 6126 rece
1238 6054 1314 6121 tuda
1331 6059 1513 6122 llaebubaeo
1528 6065 1558 6120 et
1571 6058 1650 6120 aliis.
1668 6055 1753 6131 Quod
1768 6056 1860 6120 etiam
1875 6054 1968 6132 addit,
1982 6055 2013 6118 ld
2028 6072 2104 6120 esse
2199 6113 2200 6122 ,
