4792 7009
409 652 445 710 sl
1102 636 1152 700 bb
1166 640 1276 701 letho
1296 642 1353 700 lilii

337 786 482 864 Prosper,
499 779 713 857 Cassiodorus,
732 784 762 843 ει
777 776 962 841 ιιιι.ιεεειιι
975 791 1099 857 quoque
1114 776 1203 840 Slii·
1257 776 1311 859 qoi
1324 791 1387 839 non
1403 781 1510 859 egent,
1525 776 1608 857 quod
1633 776 1785 842 Dominus
1810 777 1903 860 paulo
1927 781 1998 841 ante
2025 788 2135 842 erem·

335 867 444 941 larius,
472 870 635 961 antequam
661 862 802 928 cbristus
832 867 1022 938 nasceretur,
1044 860 1142 923 luisse
1173 860 1207 925 ia
1252 858 1436 943 plomediol
1452 860 1670 923 illustraverat.

336 950 399 1013 hoc
413 954 508 1023 tenta,
523 964 621 1031 χηραν
637 946 727 1022 idest,
743 946 892 1008 cidnum.
1294 942 1459 1007 secundas
1474 943 1563 1005 locus
1578 948 1627 1005 εει
1640 942 1768 1006 ioannis
1786 940 1836 1005 rt.
1852 943 1963 1023 spiras
1994 947 2133 1006 sanctas

376 1030 454 1093 Dico
469 1038 640 1111 praeterea:
662 1030 689 1092 si
706 1029 787 1091 ullus
808 1043 895 1089 error
916 1026 967 1089 bic
989 1028 1048 1101 εει,
1075 1040 1148 1090 εεεε
1175 1024 1208 1088 in
1251 1024 1501 1106 suggorctaobin
1517 1026 1630 1088 omniu
1644 1026 2003 1107 qaaecumqaedioaero
2024 1023 2132 1089 cobis.

338 1111 468 1177 Graeca:
487 1128 556 1175 nam
572 1128 642 1173 cnm
657 1110 765 1193 χήραν,
783 1116 813 1173 ει
827 1107 925 1191 §ripuar
941 1114 1058 1171 larrium
1085 1124 1147 1169 una
1171 1108 1209 1169 li·
1253 1108 1344 1171 Hauc
1359 1111 1462 1171 locum
1478 1108 1729 1171 uulthemnrtius
1751 1126 1824 1173 esse
1851 1108 2064 1189 depravatam,
2089 1106 2131 1170 ad

340 1200 405 1259 iera
421 1192 669 1258 dillorantlaoilo
686 1195 783 1271 potuit
797 1191 913 1265 licr·i‚ut
929 1192 1022 1269 aliqui
1040 1207 1095 1269 pro
1110 1188 1211 1273 θήραν
1253 1191 1460 1273 probandum,
1474 1205 1692 1271 quaecumque
1705 1189 1892 1255 inconciliis
1922 1188 2132 1253 dediniunlur
2170 1227 2174 1234 »

340 1277 528 1357 scripserint
540 1273 652 1357 ‘clpam
670 1276 743 1339 llam
759 1276 849 1337 etiam
866 1290 949 1345 punc
979 1273 1074 1351 aliqui
1106 1273 1210 1353 graeci
1254 1274 1434 1354 accipienda
1447 1288 1518 1336 esse
1533 1289 1589 1352 pro
1612 1273 1747 1337 oraculis
1769 1273 1902 1353 Spiritus
1917 1272 2029 1335 sancti:
2053 1286 2130 1336 nam

336 1358 457 1423 babent
470 1356 569 1440 θήραν
585 1364 616 1420 ει
629 1357 835 1437 Hieronymus
851 1355 881 1418 in
898 1372 955 1418 suo
971 1355 1117 1435 psalterio
1143 1371 1209 1419 rer·
1254 1356 1286 1420 in
1303 1371 1415 1436 gracco
1430 1372 1492 1420 non
1508 1361 1556 1418 est
1570 1356 1704 1430 omaro,
1735 1356 1791 1417 scd
1816 1356 1905 1429 litari,
1938 1351 2021 1415 cirros
2047 1349 2129 1433 ripis.

337 1442 376 1503 ιιι
387 1443 607 1515 versationum,
624 1446 654 1503 ει
669 1440 714 1503 sic
730 1444 889 1517 exponunt
918 1436 1156 1519 chrysostomus
1179 1444 1211 1502 ει
1254 1439 1454 1517 Responneu:
1472 1437 1619 1504 Sanctum
1632 1438 1837 1519 Augustinum
1853 1443 1884 1500 et
1898 1437 1977 1498 alios
2006 1441 2134 1499 ueteres

339 1521 556 1587 Theodoretus
572 1522 602 1583 in
619 1528 785 1584 comment.
804 1520 982 1601 hujuslnci.
1158 1550 1171 1595 g
1255 1522 1302 1585 sic
1317 1522 1423 1602 legere
1438 1526 1472 1583 ut
1486 1536 1545 1583 nos
1560 1521 1706 1601 legimus,
1728 1526 1759 1583 et
1784 1535 1913 1583 sensam
1942 1532 2017 1581 esse
2041 1532 2131 1579 cum·

382 1604 458 1680 Quia
473 1608 577 1669 tamen
593 1618 707 1667 sensns
722 1604 786 1665 lenc
803 1611 851 1663 cst
866 1602 960 1678 idem,
992 1606 1023 1665 et
1037 1617 1162 1682 semper
1177 1602 1210 1667 in
1255 1603 1326 1666 dem
1342 1618 1413 1666 curn
1427 1603 1621 1683 graecalion
1636 1602 1719 1665 onim
1737 1602 1940 1680 intelligimus
1962 1598 2134 1662 Dominum

339 1686 481 1751 Ecclesia
497 1700 606 1767 graeca
623 1686 760 1748 ellatina
788 1684 902 1748 lectum
929 1692 960 1748 ct
984 1691 1136 1749 cantatum
1164 1691 1213 1748 εει
1255 1686 1398 1760 dixisse,
1422 1684 1564 1763 Spiritus
1587 1690 1697 1747 soclrrs
1721 1690 1871 1764 suggeret
1896 1682 1987 1745 cobis
2021 1682 2136 1745 omnia

339 1771 488 1847 oidnom3
505 1783 568 1829 non
584 1772 724 1848 putarem
741 1768 825 1829 lruoc
842 1768 944 1829 locum
957 1768 1073 1831 debere
1087 1768 1211 1831 mutari:
1254 1785 1341 1851 quae
1352 1775 1429 1832 tunc
1441 1770 1557 1831 dinero
1577 1766 1680 1844 cabira
1696 1766 1753 1829 sad
1769 1782 1856 1847 qaae
1877 1781 1968 1829 nanc
1996 1764 2130 1839 dinero,
2197 1775 2198 1844 ι

340 1868 412 1915 nam
427 1850 634 1931 Hieronymus
649 1851 682 1913 in
696 1850 790 1929 epist.
805 1849 842 1910 ad
859 1846 987 1912 Sunium
1002 1856 1032 1912 et
1047 1850 1213 1913 lirelellam
1254 1852 1348 1927 idest,
1365 1864 1501 1930 eaquae
1515 1848 1703 1913 nnacbme
1718 1850 1855 1922 ondita,
1872 1854 1901 1911 ct
1914 1862 1985 1911 non
2009 1846 2135 1909 intelli·
2197 1847 2198 1852 ’

341 1933 500 2014 sapienter
515 1937 633 2005 monet,
650 1946 684 1993 ca
702 1932 824 2010 quaein
841 1932 971 1995 Psalmis
987 1932 1090 1995 latinis
1104 1932 1212 1995 riden-
1254 1935 1341 2013 gitis,
1358 1938 1436 1995 tanc
1449 1931 1589 2011 Spiritus
1603 1937 1737 1993 sanctas
1764 1931 1804 1993 in
1822 1929 2018 1993 memoriam
2042 1926 2135 1991 cobis

341 2022 392 2079 tur
414 2014 582 2079 dissentire
604 2016 643 2076 ab
665 2014 819 2089 Hebraeo,
834 2028 906 2077 εεεε
928 2014 1056 2093 quidem
1078 2014 1215 2077 notanda
1255 2015 1430 2086 revocabit,
1447 2012 1678 2093 eteapiicabit.
1698 2012 1804 2091 Neque
1826 2012 1858 2074 tn
1881 2012 1941 2074 boc
1957 2010 2053 2073 aerbo
2074 2024 2132 2088 pa·

344 2104 375 2161 ct
390 2096 584 2160 obseruanda
600 2113 615 2157 a
633 2096 744 2171 doctis,
763 2102 865 2158 tamen
881 2112 943 2157 non
960 2111 1032 2158 εεεε
1048 2102 1213 2175 propterea
1256 2104 1335 2159 nunt
1349 2096 1495 2159 catholici
1510 2095 1745 2157 tundamentum
1760 2093 1949 2156 auctoritatis
1973 2091 2132 2155 Concilio·

343 2180 525 2245 mutandum
556 2185 682 2251 tentum,
700 2180 752 2257 qui
786 2182 830 2238 tot
854 2175 972 2241 seculis
1000 2176 1031 2238 in
1059 2176 1215 2240 Ecclesia·
1258 2194 1340 2253 rum,
1357 2177 1413 2241 sed
1430 2178 1489 2240 alia
1505 2176 1661 2257 praesidia
1683 2176 1848 2254 habemus,
1871 2174 1912 2239 de
1933 2174 2052 2255 quibus
2073 2188 2131 2255 po·

346 2262 425 2326 stica
450 2276 511 2323 usu
536 2260 615 2335 luit,
643 2265 802 2323 ettnutam
831 2258 965 2321 obtinuit
989 2259 1213 2321 auctoritatem.
1258 2266 1336 2323 sien.

347 2343 436 2420 Quod
452 2342 634 2423 Hieronymi
650 2340 815 2405 consillum
833 2341 959 2402 minime
975 2342 1106 2402 serravit
1121 2341 1217 2403 Cairi-
1301 2340 1422 2403 Tertius
1437 2346 1486 2403 est
1499 2340 1629 2403 Roman.
1647 2340 1677 2404 l.
1707 2339 1770 2417 Qui
1796 2340 2067 2419 praedestinatas
2089 2342 2135 2402 cst

346 2426 478 2505 anaqal
493 2424 534 2487 ita
549 2424 653 2487 carnia
668 2423 792 2487 invertit
807 2427 838 2486 et
852 2422 988 2501 mutarit,
1005 2427 1038 2486 ut
1053 2422 1136 2486 uliud
1149 2425 1215 2505 plu·
1259 2423 1364 2487 Pilius
1376 2423 1434 2487 lici
1454 2423 1543 2486 itanc
1564 2424 1667 2485 locum
1683 2423 1887 2501 reprehendit
1902 2421 2049 2484 Caluinus
2071 2426 2137 2483 tan·

343 2505 710 2573 nePsalteriumiecerit.
1260 2522 1351 2583 auam
1381 2506 1462 2567 male
1489 2504 1657 2568 redditumr
1688 2512 1752 2567 tum
1781 2506 1851 2583 quia
1883 2504 1915 2566 in
1944 2518 2061 2585 graeco
2087 2518 2138 2577 εει

386 2590 492 2654 Visum
509 2596 566 2662 cst,
584 2588 621 2650 ad
638 2595 809 2651 extremum
825 2586 1003 2650 adscribere
1014 2588 1106 2652 rerba
1123 2602 1217 2667 quac·
1261 2585 1421 2670 tracturae.
1435 2587 1466 2649 id
1482 2594 1530 2651 cst
1545 2588 1705 2651 declarati
1731 2588 1796 2650 sire
1817 2583 2037 2663 manifestati:
2070 2590 2137 2646 tum

344 2670 415 2735 dam
432 2672 564 2735 Corrradi
579 2670 738 2746 Pollicem,
756 2670 892 2731 bominis
906 2670 1091 2749 zuinglium,
1117 2677 1150 2733 ut
1164 2686 1217 2733 re·
1261 2672 1331 2750 quia
1345 2672 1395 2732 illa
1413 2670 1684 2749 praedestinantur
1699 2686 1779 2750 quac
1795 2686 1858 2731 non
1873 2678 1958 2741 sunt,
1989 2667 2140 2731 Christus

343 2770 378 2817 re
390 2756 430 2817 de
443 2761 547 2817 nostra
563 2752 700 2815 editione
713 2752 817 2813 dicere
834 2750 1082 2831 possimusquod
1098 2753 1137 2815 de
1149 2752 1216 2815 Dea
1260 2759 1362 2815 autem
1378 2768 1504 2830 semper
1516 2752 1572 2815 luit
1600 2752 1698 2815 Filius
1715 2754 1781 2815 liei:
1798 2768 1860 2834 quo
1873 2758 2061 2832 argumento
2076 2750 2140 2811 uti·

343 2851 416 2901 reru
432 2836 534 2898 bioses
549 2833 601 2895 uit:
619 2850 680 2897 non
696 2840 744 2897 est
757 2832 851 2896 editio
863 2840 980 2909 nostra,
1007 2840 1040 2897 ut
1062 2834 1216 2898 editiones
1261 2839 1412 2898 turetiam
1429 2834 1582 2914 Origenes
1597 2834 1658 2897 boc
1673 2836 1757 2898 loco.

345 2934 465 2991 eorum,
480 2923 511 2981 ει
525 2916 642 2978 inimici
659 2916 755 2978 nostri
782 2921 854 2977 sunt
878 2915 1016 2996 judices.
1040 2916 1098 2980 Ille
1124 2918 1219 2998 igitur
1302 2917 1499 2997 hespondco:
1516 2918 1719 2998 Interpretem
1737 2923 1875 2979 nostrum
1889 2914 2003 2995 optimi
2031 2912 2140 2976 reddi·

347 3016 419 3063 cum
434 2999 483 3062 his
495 2998 674 3079 psalterium
696 2998 734 3064 od
757 2996 937 3060 liebraicum
959 2998 1118 3062 ueritatem
1142 3018 1159 3061 a
1180 3014 1217 3062 so
1260 2998 1358 3062 disse:
1375 3016 1445 3061 nam
1461 3001 1519 3063 ειει
1549 3002 1677 3062 verbum
1694 2999 1771 3062 illud
1787 3014 1934 3078 graecum
1963 2994 2076 3079 optgere
2098 2996 2141 3057 si·

350 3098 535 3144 corrrersum
559 3079 722 3157 edidissem
738 3080 799 3142 hoc
814 3078 1026 3143 testimonium
1055 3082 1094 3145 de
1109 3086 1218 3145 nostra
1262 3082 1389 3162 guilicet
1402 3080 1511 3160 linire.
1535 3082 1569 3142 ει
1581 3084 1662 3161 apud
1679 3084 1824 3161 prolanos
1840 3088 1984 3143 auctores
2000 3076 2139 3155 arcipia-

347 3163 496 3228 Psnlterio
508 3162 594 3225 dedit
609 3163 639 3223 in
655 3161 783 3243 praelat.
800 3162 872 3223 anni
890 3162 1091 3227 limonia
1105 3165 1216 3228 demto·
1261 3171 1311 3226 tur
1325 3180 1420 3242 saepe
1436 3181 1491 3244 pro
1507 3165 1689 3243 declarare
1706 3171 1808 3227 tamen
1824 3164 1856 3225 in
1873 3163 2032 3243 Scriptura
2048 3164 2142 3224 aliter
2197 3155 2198 3246 l

345 3247 453 3322 ritate,
468 3245 665 3322 cmtditionc,
679 3250 708 3307 ct
721 3241 795 3323 fide,
813 3243 970 3307 Hebraico
992 3260 1057 3325 qao
1079 3246 1125 3310 od
1144 3263 1218 3310 sen·
1262 3247 1425 3325 accipitur.
1442 3246 1577 3309 illenim
1594 3247 1686 3309 docet
1707 3248 1739 3309 b.
1756 3246 1923 3325 bionysins
1950 3246 2007 3308 lib.
2038 3242 2140 3307 dirin.
2197 3269 2198 3292 2

343 3344 418 3391 sum
433 3328 634 3391 concordare
658 3326 935 3405 deprehendimus
960 3328 1128 3407 malyotam
1148 3330 1217 3392 cdi·
1262 3329 1493 3406 autrannus.
1519 3326 2141 3409 hocrerbumestproprium'lheolo-
2197 3345 2198 3366 ι

347 3411 470 3473 iiorrern
497 3409 668 3481 Ponticuli,
694 3414 732 3472 at
746 3409 1218 3492 crnodrlissirnum.-poritcrqac
1265 3412 1346 3489 gine,
1361 3410 1452 3486 idest,
1472 3412 1566 3474 habet
1583 3413 1612 3473 in
1626 3412 1784 3492 Scriptura
1798 3412 1991 3491 peculiarem
2017 3407 2141 3487 signill-

341 3494 542 3573 yn'issirunnr,
561 3497 589 3553 at
602 3508 676 3555 oerc
687 3490 874 3571 prophetaii
887 3494 1008 3571 spirita
1027 3495 1219 3572 praeditum
1266 3495 1430 3555 nationem:
1449 3510 1517 3555 uam
1535 3496 1650 3574 ubique
1666 3494 1820 3573 signilloat
1843 3500 1999 3564 stultiore,
2028 3492 2142 3555 decer·

344 3576 448 3652 ltrissc
461 3575 671 3651 iniierpnetem
688 3574 846 3635 Graecam
861 3580 892 3634 et
911 3575 1052 3637 latinum
1066 3592 1134 3639 non
1158 3578 1220 3639 dar·
1264 3576 1508 3654 nerertrfiaire.
1527 3593 1685 3652 arrrrryuam
1702 3585 1803 3637 autem
1817 3576 2039 3646 declararent
2055 3578 2144 3652 putet

345 3656 455 3732 bitern;
469 3672 675 3736 pnorrrqaorn
690 3654 815 3719 alicubi
830 3656 1025 3720 disserrtionl
1053 3675 1075 3720 a
1088 3660 1219 3734 paractis
1264 3659 1329 3720 ιιι.
1347 3659 1560 3720 2.ι.ιι.ιιοιιι.
1574 3658 1605 3720 8.
1619 3658 1771 3734 Epinesl.
1790 3664 1820 3719 et
1832 3657 2076 3720 alibillarneara
2093 3654 2143 3715 di·

347 3738 520 3812 hebraicis,
535 3738 653 3817 quibas
667 3738 788 3802 iuuari
801 3744 1041 3820 alamannum
1056 3741 1134 3803 olim
1147 3757 1218 3804 noa
1266 3741 1345 3803 citur
1369 3740 1436 3803 Act.
1450 3742 1468 3802 ⁶2
1481 3740 1574 3803 liarao
1591 3739 1723 3819 definito
1740 3742 1888 3807 consilio.
1907 3746 1937 3801 et
1949 3739 2142 3818 praeseien-

343 3824 445 3901 fnisse
459 3821 583 3884 similia
598 3820 762 3901 ambigere
773 3836 880 3901 cogor,
898 3828 927 3885 ει
941 3824 1163 3902 qnarmmdom
1178 3824 1216 3886 li·
1268 3826 1316 3886 tia
1332 3825 1389 3886 liei
1402 3825 1792 3893 traditurairarrraaaisria
1818 3824 1950 3884 babetur
1975 3822 2054 3882 haec
2081 3837 2142 3881 ron

345 3910 491 3968 terarum
511 3906 726 3967 mactationem
736 3904 858 3981 lactura
882 3906 1024 3984 suspicio
1039 3907 1080 3967 sit
1110 3906 1216 3984 consa
1266 3905 1413 3987 reparatas,
1427 3905 1532 3989 castig
1550 3910 1694 3967 clinamen
1711 3914 1829 3968 centurn
1843 3910 1887 3967 εει
1903 3919 1967 3965 non
1983 3901 2143 3982 signitica-

347 3987 492 4051 ruralibus
502 3986 642 4066 'stragula
657 3988 841 4065 diiigenter.
858 3986 940 4051 llaec
970 3988 1035 4052 ille.
1051 3988 1149 4068 dique
1164 3990 1218 4051 ha·
1265 4004 1299 4051 re
1315 3989 1566 4061 declarationem,
1584 3990 1640 4050 sed
1662 3989 1794 4050 divinam
1822 3988 2064 4048 ordinationem.
2090 3985 2139 4045 Si·

348 4078 460 4134 eternus
476 4070 515 4132 dc
531 4069 727 4133 Testamenta
745 4068 851 4131 soteri.
1265 4070 1379 4133 militer
1394 4072 1481 4134 Rom.
1492 4072 1523 4134 8.
1544 4070 1906 4149 Qraospraedcstinooit,
1928 4068 2139 4140 boscocorti,

1264 4153 1297 4217 in
1321 4170 1431 4233 gruere
1461 4161 1508 4215 est
1523 4170 1682 4235 cecropias,
1697 4169 1788 4231 quam
1803 4168 1908 4221 rocam
1923 4168 1962 4211 nc
1985 4148 2046 4227 ipsi
2073 4150 2144 4229 qui·

670 4230 790 4297 CAPUT
812 4230 892 4295 xli.
1264 4236 1336 4299 dena
1362 4236 1454 4298 adrer
1465 4237 1535 4298 sarii
1552 4234 1727 4314 signillcnre
1742 4236 1848 4297 rolant
1863 4233 2055 4296 declararit.

960 4328 967 4339 “
1201 4324 1204 4330 ’
1304 4316 1341 4379 Et
1357 4321 1500 4395 quorrlam
1518 4318 1682 4391 ordinatio,
1696 4323 1727 4380 ει
1742 4317 1868 4379 delinito
1885 4316 1939 4377 liei
1956 4330 2018 4375 non
2034 4318 2141 4393 potest

389 4396 616 4472 Dolcradantnr
628 4398 710 4470 tora,
724 4411 811 4475 qttac
826 4395 981 4459 haeretici
992 4398 1087 4478 ojani
1108 4414 1177 4462 esse
1264 4414 1336 4462 esse
1353 4401 1532 4478 temporalis
1547 4402 1602 4461 sert
1620 4406 1743 4461 aeterna
1759 4418 1768 4475 3
1782 4400 1851 4461 ideo
1865 4399 2021 4475 interpres
2034 4402 2143 4458 noster

427 4484 582 4555 corrupta
602 4480 640 4542 tn
665 4479 808 4541 aditione
829 4478 948 4543 Lattara
985 4480 1176 4546 Testamenti
1261 4482 1373 4545 ridens
1387 4482 1577 4560 Apostolum
1603 4482 1688 4560 loqui
1704 4483 1743 4542 do
1759 4488 1885 4542 aetrrrna
1911 4479 2139 4551 destinatione,
2197 4497 2198 4506 ¹

428 4561 519 4623 acaci.
1262 4564 1370 4628 maluit
1384 4571 1504 4627 uertere
1518 4565 1809 4643 praedestino-tram.
1822 4580 1912 4639 quam
1925 4562 2141 4624 destinatum.

1262 4646 1301 4708 Et
1315 4647 1361 4709 sic
1375 4645 1520 4726 legerunt
1540 4663 1651 4709 ontncs
1666 4646 1751 4707 latini
1767 4644 1858 4706 etiam
1872 4643 2096 4717 uariauissimi,
2111 4650 2142 4706 nt

386 4722 483 4785 Porro
500 4724 533 4787 in
547 4722 744 4788 Testamenta
757 4741 910 4791 noronon
926 4742 1022 4804 pauca
1043 4726 1134 4789 eliam
1148 4726 1216 4789 loon
1262 4728 1412 4791 irenaeus
1433 4730 1490 4792 lib.
1506 4730 1537 4791 3.
1561 4736 1667 4791 contra
1689 4728 1809 4790 Valent.
1834 4743 1902 4805 cap.
1927 4726 1979 4787 32.
2002 4724 2140 4788 Hilarius

347 4806 522 4870 bornnitius
539 4808 723 4871 ctCaalrinus
739 4813 935 4884 annotarunt,
963 4824 1043 4889 quae
1064 4808 1102 4872 ab
1123 4812 1217 4873 inter·
1263 4812 1319 4874 lib.
1338 4812 1368 4873 ι.
1395 4812 1434 4873 dc
1449 4812 1558 4873 Triuit.
1575 4810 1775 4882 Ambrosius,
1793 4808 1964 4879 sedulius,
1989 4807 2091 4869 etalii
2109 4808 2139 4869 in

346 4892 535 4967 protelatiuo
548 4898 691 4970 corrupta
713 4906 785 4956 esse
801 4892 921 4955 dicunt.
1262 4894 1348 4956 barra
1360 4895 1474 4966 locum,
1492 4894 1683 4973 Augustinus
1698 4893 1753 4955 lib.
1767 4894 1806 4953 de
1819 4893 1976 4971 praedest.
1993 4906 2064 4964 cap.
2086 4890 2136 4952 l5.

388 4972 507 5035 Primus
521 4974 609 5035 lucus
625 4979 673 5035 est
683 4974 824 5036 hlatthaei
836 4973 942 5039 thilon
951 4974 1154 5038 acataooore
1160 4974 1216 5053 ιιι·
1263 4981 1295 5040 ει
1308 4976 1341 5037 ia
1353 4977 1403 5038 io.
1420 4982 1507 5039 tract.
1525 4976 1597 5038 liii.
1609 4976 1834 5045 Tertullianus,
1852 4974 1907 5035 lib.
1924 4979 2009 5035 cant.
2027 4972 2139 5034 Prore-

346 5060 422 5126 slos,
439 5056 496 5117 sari
510 5056 855 5133 peractoresliutilata
885 5062 943 5131 est,
974 5056 1213 5135 inquiliiemni·
1262 5076 1311 5121 arn
1327 5059 1403 5135 tagit
1425 5058 1602 5137 delinitas,
1630 5058 1712 5137 quad
1739 5064 1787 5120 est
1812 5057 1895 5117 idem
1919 5072 1991 5119 cunr
2018 5063 2138 5116 nostro.

347 5136 419 5211 liuS,
439 5138 647 5215 pulcherrima
669 5139 834 5215 sententia,
859 5154 929 5200 num
951 5138 1041 5201 deest
1066 5139 1098 5202 in
1121 5140 1214 5201 latino
1260 5141 1345 5203 Adde
1362 5140 1533 5203 Concilium
1549 5140 1729 5201 Toletanum
1745 5138 1798 5202 ιιι.
1815 5156 1884 5218 cap.
1901 5139 1931 5202 l.
1947 5136 2032 5217 quod
2051 5143 2084 5202 ει
2098 5137 2140 5197 ιε·

343 5220 594 5296 prooroileuiiana.
617 5219 823 5297 Respondeat
847 5220 878 5282 iu
901 5220 1087 5298 quibusdam
1109 5221 1214 5284 latinis
1260 5224 1315 5302 git,
1332 5230 1363 5285 ει
1377 5224 1503 5301 exponit
1526 5223 1804 5300 praedestinatas.
1828 5220 1936 5301 Neque
1963 5219 2140 5281 ratiuncula

345 5302 478 5365 iart'eniri
507 5304 591 5364 illam
613 5303 807 5381 particulam:
838 5302 952 5367 deinde
965 5304 1046 5377 dico,
1062 5304 1213 5365 verisimi·
1259 5307 1311 5367 illa
1327 5303 1574 5383 Calaiaialiquid
1591 5303 1709 5365 cilicii:
1734 5320 1795 5365 non
1812 5306 1895 5365 enim
1920 5302 1951 5364 id
1965 5302 2136 5381 praedesti·

346 5382 407 5445 lius
424 5400 507 5461 esse,
525 5386 609 5447 illam
627 5384 810 5463 particulam
827 5384 859 5446 in
875 5400 986 5464 graeco
1012 5400 1084 5448 esse
1105 5400 1213 5463 snper·
1260 5392 1365 5449 nalum
1380 5402 1452 5448 esse
1467 5388 1612 5461 dicimus,
1630 5392 1663 5448 ut
1677 5387 1812 5449 Verbum
1830 5386 1883 5447 liei
1907 5384 2135 5463 sempiternam

346 5463 452 5541 tluum,
470 5474 501 5529 ct
515 5468 546 5529 in
560 5468 733 5530 emendatis
750 5467 911 5530 codicibus
927 5467 1047 5547 graecis
1063 5482 1126 5529 uon
1141 5468 1216 5529 luis·
1260 5469 1414 5547 inciperet
1436 5484 1507 5531 esse
1523 5469 1619 5531 Pilius
1635 5469 1701 5530 liei.
1726 5470 1782 5531 sed
1805 5474 1838 5529 ut
1852 5467 1988 5529 Verbum
2005 5466 2062 5527 lici
2087 5466 2138 5527 lie·

349 5560 396 5605 sc.
413 5547 487 5608 Nam
503 5550 534 5610 b.
547 5550 756 5630 Hieronymus
773 5550 804 5611 in
821 5555 988 5612 comment.
1006 5564 1073 5612 eam
1096 5564 1159 5611 aon
1172 5550 1217 5612 lc·
1262 5559 1310 5614 rot
1325 5554 1416 5614 homo
1432 5596 1440 5621 ,
1457 5557 1488 5613 ει
1514 5552 1644 5631 proinde
1660 5557 1692 5613 nt
1708 5552 1759 5612 illc
1776 5550 1828 5627 aui
1844 5552 1943 5612 lactus
1959 5548 2005 5610 'est
2024 5550 2090 5609 tina
2105 5564 2141 5609 en

349 5628 404 5707 git,
421 5636 451 5690 et
467 5636 568 5691 tamen
585 5632 790 5714 Hieronymus
803 5632 968 5711 diligenter
980 5632 1111 5695 contulit
1126 5632 1218 5695 Grae·
1264 5634 1385 5697 saraiae
1400 5633 1507 5706 Dauid,
1530 5640 1564 5695 ui
1578 5634 1691 5697 Paulus
1714 5633 1860 5711 ioqrritur,
1893 5634 1933 5695 ειι
1955 5630 2056 5692 Pilius
2075 5632 2139 5705 liei,

349 5726 421 5771 cunr
448 5726 519 5772 cum
541 5712 647 5789 latino,
672 5722 703 5778 et
724 5732 762 5777 en
784 5714 899 5777 Graeco
922 5715 1050 5776 latinum
1073 5717 1217 5781 correxit.
1265 5718 1347 5791 cuod
1376 5716 1506 5794 pulchra
1533 5718 1689 5797 crplicant
1703 5714 1896 5796 Augustinus
1919 5721 1950 5778 et
1965 5712 2152 5778 Concilium

349 5792 437 5864 Quod
454 5797 555 5856 autem
573 5809 635 5855 non
661 5800 702 5858 sit
717 5797 906 5871 necessaria,
932 5797 1132 5877 perspicuum
1159 5804 1218 5860 cst.
1266 5799 1460 5865 latinianum.

347 5874 422 5937 bam
437 5890 548 5939 uocare
564 5883 757 5955 peccatores,
775 5896 837 5941 non
849 5879 966 5959 justos¹
993 5879 1099 5960 aperti
1122 5880 1220 5961 signi·
1307 5880 1440 5954 Quartus
1457 5882 1544 5942 loeus
1560 5885 1608 5941 est
1622 5880 1752 5941 ilomnn.
1771 5880 1799 5939 ι.
1824 5880 1856 5940 ιιι
1872 5879 1934 5941 llne
1949 5879 2080 5959 capitis,
2091 5878 2145 5941 ubi

348 5958 562 6028 licat..bortnri
578 5956 617 6019 ad
635 5958 856 6035 poeniteutiam
873 5977 928 6025 cos
953 5962 1006 6042 qui
1033 5966 1137 6043 egent,
1157 5976 1219 6026 nan
1266 5960 1821 6045 babcmaszliaicumy'ustitiamlici
1833 5963 2147 6041 cognouisocramoa
