4792 7009
991 743 1090 804 ttttt'tt
1103 739 1243 802 ritibus
1897 748 1949 804 its

237 882 371 967 quidem
389 885 617 952 osntrntts'cst,
633 882 664 942 ot
676 878 955 947 restitnetomnia.
968 877 1106 960 loquitur
1149 877 1206 942 tib.
1225 869 1253 940 i.
1271 891 1338 955 cap.
1357 869 1406 942 tt.
1425 881 1453 938 et
1469 875 1681 942 'i'tteoduretua
1697 878 1726 942 iu
1740 897 1808 961 cap.
1822 879 1878 946 uit.
1892 876 2021 946 liniaci.

238 962 1104 1042 ettamdsiltoitetiaparticulariouiapparueratiutrans·
1149 968 1180 1022 et
1191 961 1382 1038 Augustinus
1396 966 1481 1022 tract.
1494 961 1524 1022 t.
1540 961 1569 1021 in
1582 960 1670 1024 loun.
1685 968 1714 1024 et
1726 961 1891 1028 enuntia
1907 981 1937 1028 m
1951 985 2019 1045 cap.

235 1049 428 1128 figuratione.
455 1047 610 1117 Secundo,
626 1045 708 1107 idem
725 1049 807 1124 patet
821 1060 859 1106 er
871 1045 934 1107 illis
949 1043 1052 1107 verbis
1066 1045 1105 1108 m
1147 1041 1202 1104 it.
1219 1043 1313 1124 lpoc.
1363 1083 1367 1090 -

234 1133 378 1197 restitaret
388 1129 549 1193 omniaid
561 1127 645 1190 enim
657 1143 719 1189 non
734 1124 947 1190 iacitloanues
959 1126 1102 1206 baptista,
1190 1124 1234 1186 lte
1253 1125 1381 1188 ilenocit
1398 1129 1428 1185 ai
1444 1121 1529 1186 lieiia
1547 1122 1650 1188 simui.
1668 1125 1697 1186 id
1714 1133 1856 1191 asserunt
1871 1130 1956 1192 multi
1969 1133 2020 1209 qai

234 1231 293 1278 noc
315 1213 505 1277 ullusulius.
534 1210 608 1276 iiam
621 1209 786 1273 restituere
801 1212 916 1280 omnia,
933 1217 980 1274 est
994 1227 1104 1286 omnes
1148 1207 1291 1271 scribunt
1310 1208 1342 1270 in
1359 1209 1586 1288 apocalypsim
1604 1213 1635 1267 ut
1652 1208 1744 1272 Beda.
1763 1211 1930 1274 itictruruus
1945 1219 1974 1275 et
1987 1217 2021 1274 t·

235 1297 385 1372 iudaeos,
414 1302 444 1358 et
470 1293 653 1366 tricastinos,
680 1299 712 1354 et
736 1292 812 1354 iorto
837 1293 952 1354 multos
977 1293 1105 1355 cattoit·
1148 1289 1264 1353 retbas.
1288 1305 1324 1354 aa
1341 1290 1599 1372 quibusmultum
1615 1294 1705 1353 etiam
1721 1295 1815 1366 addit,
1839 1295 2020 1358 invariabili-

235 1395 289 1445 cos
328 1378 367 1441 ab
378 1377 565 1453 dutieitristo
585 1376 734 1456 deceptos
759 1387 912 1440 revocare⁴
933 1377 973 1438 ad
997 1390 1098 1438 raram
1149 1378 1226 1435 tera
1244 1371 1302 1436 tatu
1319 1374 1455 1436 aactcsta
1478 1373 1575 1442 credi,
1593 1372 1719 1436 ilcnocb
1735 1381 1765 1437 ct
1780 1374 1898 1438 licitam
1915 1387 2020 1440 rantu-

235 1464 347 1528 pdem.
767 1525 770 1528 ⁴
972 1467 978 1476 '
1148 1469 1213 1526 ros,
1231 1462 1263 1519 ai
1278 1471 1314 1523 so
1328 1457 1514 1518 Antichristo
1538 1463 1704 1534 «appianum.
1723 1457 1795 1520 licut
1815 1459 2020 1522 damascenus

271 1546 332 1608 Sed
355 1545 447 1607 instat
462 1540 651 1611 bibliandor,
667 1538 739 1619 quia
762 1539 911 1602 Dominus
925 1539 1032 1602 ticina
1050 1539 1101 1603 ll.
1148 1535 1204 1600 tib.
1216 1535 1324 1617 l.aap.
1334 1538 1387 1600 28.
1400 1537 1582 1618 Hippolytus
1595 1548 1715 1620 atttriti.
1728 1540 1757 1600 in
1767 1540 1849 1604 Orat.
1863 1542 1900 1604 tle
1912 1543 2020 1604 mund.

233 1629 273 1691 de
286 1627 405 1690 ioanne
419 1625 551 1722 baptista
566 1625 652 1695 dicii,
665 1621 912 1702 ipseeatlietias
923 1623 1103 1703 pnioentn·
1150 1631 1326 1683 consutum.
1344 1615 1803 1700 ileoncab.Gr·egorius'iib.il.
1820 1639 1888 1704 cap.
1908 1626 1958 1688 ii.
1977 1627 2022 1688 rol

233 1727 291 1775 ras
306 1716 362 1783 ast,
378 1725 469 1790 quast
483 1711 574 1782 dicut,
591 1707 721 1785 lpseest
732 1705 836 1770 iieiias
847 1721 863 1766 a
876 1704 1020 1770 liataobis
1035 1721 1103 1784 pm·
1149 1701 1201 1764 te.
1218 1708 1249 1764 et
1266 1703 1321 1765 lib.
1344 1702 1375 1766 9.
1392 1720 1461 1784 cup.
1478 1703 1508 1765 t.
1527 1703 1633 1768 itorat.
1657 1713 1687 1767 et
1702 1705 1733 1768 b.
1750 1707 1940 1786 Augustinus
1963 1707 2016 1770 iib.

233 1792 577 1868 missusiiespondeo:
600 1787 989 1858 itomiaumreilediacro,
1012 1786 1103 1849 ioan·
1148 1781 1579 1864 sciasneoeuantn.
1686 1809 1692 1818 ·
1824 1841 1832 1850 .
2009 1797 2013 1806 ’

234 1891 308 1939 nem
319 1871 418 1938 luisse
432 1874 552 1937 italiam
566 1870 764 1952 promissum,
778 1887 839 1933 non
852 1871 889 1932 ad
904 1871 1033 1938 iitemm,
1047 1869 1103 1934 sed
1188 1864 1339 1930 Probatur
1360 1869 1460 1930 tertio:
1484 1870 1553 1947 quiu
1569 1868 1705 1948 taliaquia
1727 1883 1789 1932 nott
1813 1878 1913 1949 potest
1933 1871 2021 1934 reddi

233 1960 413 2038 allegoriam
428 1958 500 2019 ideo
514 1955 597 2017 anim
611 1954 781 2034 praemisit,
797 1951 972 2017 etmonttis
981 1952 1106 2032 recipe·'
1148 1949 1309 2022 retineor
1323 1949 1371 2012 isti
1389 1950 1451 2012 dua
1466 1952 1527 2012 sint
1542 1950 1620 2030 rupti
1636 1961 1705 2014 ante
1722 1959 1862 2022 mortem,
1877 1963 1907 2016 et
1919 1957 2019 2018 uttiruc

232 2041 385 2119 resonasi
400 2041 492 2111 dicat,
509 2039 612 2101 licitas
626 2035 751 2116 quidem
767 2038 797 2098 in
814 2051 868 2098 sua
885 2051 1016 2113 persona
1033 2051 1102 2116 pro·
1147 2031 1249 2094 rirant
1271 2035 1301 2094 in
1317 2047 1410 2096 aarrte
1434 2033 1564 2106 mortali,
1589 2032 1751 2112 aliquando
1773 2035 1923 2100 morituri.
1947 2037 2020 2100 liant

234 2127 359 2197 missos,
383 2129 530 2185 tenturus
544 2127 594 2183 est
612 2119 644 2179 in
657 2119 764 2182 ultimo
784 2119 928 2180 adveatu:
952 2123 1053 2180 tamen
1074 2116 1103 2180 si
1148 2118 1205 2178 etsi
1228 2113 1348 2190 ludaei,
1372 2122 1404 2177 ut
1419 2113 1528 2177 Rabiri.
1551 2115 1696 2179 Salomon
1717 2117 1748 2178 in
1765 2133 1834 2197 aap.
1851 2119 1881 2181 5.
1905 2119 2019 2183 (tenes.

233 2209 327 2270 ruitis
341 2205 431 2268 etiam
447 2205 582 2281 aliquem
597 2201 714 2264 Heliam
731 2201 1038 2282 inprimoadrentn.
1054 2199 1104 2264 lo·
1149 2197 1267 2273 dicuni,
1292 2196 1418 2260 Huaoolt
1436 2215 1452 2259 a
1468 2197 1531 2274 ileo
1547 2201 1683 2261 occisum
1706 2207 1776 2261 ante
1793 2207 1926 2280 tenpus,
1950 2203 2020 2282 quia

235 2304 350 2352 aunem
371 2288 510 2367 recipite.
533 2285 608 2348 ideo
628 2282 724 2346 etiam·
736 2283 908 2364 subjunxit:
934 2281 996 2360 Qui
1009 2282 1105 2346 mrbet
1149 2279 1231 2342 ienis
1246 2287 1277 2342 et
1291 2279 1447 2342 mutabilis
1464 2285 1539 2356 arat,
1556 2291 1585 2343 ot
1600 2281 1718 2344 tieliarn
1735 2294 1888 2354 usserunt,
1905 2301 1976 2347 curn
1989 2285 2020 2347 in

233 2387 332 2434 nares
342 2370 504 2433 audiendi
513 2369 645 2443 audian
658 2366 800 2430 indicans
815 2363 993 2446 mysterium
1006 2367 1103 2435 inisse
1149 2377 1243 2426 curru
1257 2363 1349 2444 igneo
1365 2377 1486 2424 sursum
1503 2361 1642 2434 terretur,
1659 2364 1697 2427 ab
1713 2365 1766 2426 iiio
1782 2364 1853 2444 igne
1875 2371 1938 2430 tato
1953 2380 2021 2431 oor·

235 2455 319 2534 qaod
334 2453 462 2528 dixerat,
479 2451 628 2514 ioannem
644 2449 741 2512 inisse
755 2447 886 2512 Heliam.
1149 2459 1225 2524 pore
1241 2455 1394 2508 exustum:
1411 2451 1442 2507 at
1456 2445 1533 2507 ione
1547 2449 1627 2508 tatem
1642 2451 1778 2508 sentiunt
1789 2447 1952 2512 buiberuui
1966 2450 2019 2530 qui

275 2534 362 2609 Quod
377 2537 513 2614 denique
528 2527 754 2596 rerbaloanuis
766 2532 860 2610 ipoc.
873 2529 1104 2610 ii.lateiiigan·
1148 2527 1372 2602 eosredituras
1389 2531 1513 2608 uapaut3
1530 2534 1631 2592 tamen
1646 2527 1795 2592 Catholici
1811 2545 1920 2594 ornnes
1934 2539 2018 2595 certa

232 2623 283 2680 tur
295 2621 335 2681 de
350 2618 560 2698 singularibus
575 2615 717 2695 personis
732 2613 858 2678 ilenoab
874 2621 908 2684 et
918 2613 1018 2683 liclia,
1042 2629 1102 2676 non
1147 2607 1209 2672 ilde
1219 2617 1323 2674 tenent
1333 2617 1493 2690 utrumque
1505 2611 1534 2672 in
1545 2612 1921 2690 suisnarpnriiiusrirsra.
1932 2615 2021 2692 Quod

233 2701 275 2764 tte
294 2695 653 2764 omuibus'doctoribas.
677 2703 760 2776 patet
774 2713 812 2760 cx
834 2696 966 2775 eoquod
990 2695 1105 2760 ibidum
1148 2692 1231 2754 enim
1243 2699 1380 2756 murinus
1394 2709 1455 2754 nnn
1469 2692 1507 2754 sit
1520 2693 2018 2774 ilenoab,apustoiusduoetiicbr.

231 2781 368 2846 ioannes
384 2781 470 2856 dicit,
486 2797 541 2845 eos
554 2779 787 2844 interficiendos
807 2778 847 2842 ab
861 2777 1057 2852 Antichristo,
1073 2786 1105 2842 ο1
1150 2775 1331 2838 li.lienocir
1341 2776 1503 2837 translatus
1516 2777 1742 2850 esi,netideret
1753 2785 1927 2842 mortemzet
1939 2781 2021 2859 qunti

232 2881 363 2944 corpora
378 2879 485 2928 eorum
501 2880 557 2944 per
571 2871 634 2926 tres
648 2862 716 2925 dies
730 2877 873 2925 mansura
895 2860 1049 2941 insepulta
1070 2863 1103 2926 ia
1149 2862 1210 2920 tam
1222 2860 1288 2936 ipse
1301 2873 1391 2938 quum
1405 2856 1508 2920 iicttas
1521 2860 1629 2922 marini
1643 2873 1703 2922 non
1716 2862 1788 2936 siat,
1801 2867 1831 2923 et
1842 2865 1944 2924 tamea
1957 2879 2020 2926 mo·

236 2949 338 3028 platea
354 2945 545 3010 iiiemsalam
562 2994 571 3024 ‚
594 2951 626 3009 et
639 2949 711 3026 post
724 2951 787 3008 tres
807 2944 946 3008 dieseos
968 2958 1105 3008 resurre-
1147 2939 1235 3002 rituri
1250 2940 1324 3016 siut;
1341 2941 1424 3002 ctare
1440 2941 1553 3003 doceat
1575 2949 1696 3018 praeter
1709 2957 1800 3022 supra
1816 2943 1935 3014 citatos.
1959 2944 2022 3007 lra-

237 3038 356 3103 eturoa‚
378 3036 410 3093 et
423 3030 455 3092 in
470 3032 592 3094 eoelum
606 3043 805 3104 ascensums,
820 3042 900 3107 quae
913 3025 1106 3092 nuliibacie·
1147 3037 1247 3086 naeus
1264 3021 1516 3099 ,tertullianus
1539 3023 1756 3106 Hieronymus,
1779 3025 1969 3106 Augustinus
1991 3033 2022 3091 ct

234 3111 516 3192 nnsaontigerunt.
1149 3103 1351 3189 Epiphanius.
1692 3119 1709 3158 ·.
1771 3135 1773 3142 <

274 3195 477 3275 Respondete
500 3201 602 3258 tamea
617 3199 746 3256 conatur
765 3189 859 3254 barid
882 3189 1051 3272 Gbytrasus
1072 3191 1105 3256 ia
1188 3187 1338 3252 laeuaeus
1352 3186 1407 3250 tib.
1423 3187 1454 3250 5.
1471 3187 1604 3266 loquens
1618 3187 1658 3253 de
1675 3187 1801 3256 Hauoob
1815 3191 1954 3257 etiielia:
1968 3191 2021 3256 itt·

233 3279 387 3343 commod
402 3277 485 3340 bunc
500 3277 654 3350 lucaman
671 3275 769 3354 primo
783 3275 836 3337 ait:
848 3272 997 3343 loannem
1009 3275 1105 3355 signi·
1148 3275 1237 3346 mm,
1256 3271 1366 3352 inquit,
1381 3269 1571 3354 presbyteri.
1585 3273 1643 3353 qni
1652 3279 1730 3336 sami
1741 3277 1960 3354 apostotorum
1971 3277 2020 3339 di·

230 3360 323 3424 ilcare
345 3360 480 3422 noluisse
494 3360 608 3422 multos
628 3358 821 3422 botberanoa
840 3355 997 3420 ministros
1017 3373 1034 3420 a
1051 3357 1104 3420 l’a·
1147 3353 1278 3432 eeipnli,
1296 3369 1360 3422 cos.
1377 3355 1435 3434 otti
1456 3355 1608 3418 translati
1627 3362 1715 3426 sunt,
1731 3357 1838 3434 illue(
1855 3360 1884 3420 in
1897 3359 2021 3438 paradi·

233 3443 324 3523 pistis
339 3441 581 3520 interficiendam
604 3441 718 3521 quibus
733 3445 834 3503 tamen
850 3439 934 3502 tteus
948 3441 1039 3502 ritam
1053 3456 1103 3503 ro·
1148 3451 1219 3499 sum
1235 3434 1435 3518 terrestrem)
1448 3438 1620 3505 tratasloios
1633 3453 1711 3508 asae,
1726 3447 1755 3502 ct
1765 3442 1812 3504 tin·
1822 3455 1956 3506 manere
1966 3455 2020 3504 ns·

193 3538 195 3547 ⁴
234 3524 356 3599 stituit,
373 3540 515 3588 cameos
537 3521 1105 3592 adcueiumerebitinaeterumari·
1147 3520 1609 3598 pnendconmmmationom,
1627 3522 1850 3602 conspicantes
1871 3525 2021 3588 nicom·

232 3607 497 3672 carcassonam
508 3607 593 3670 addit
604 3605 695 3686 paulo
706 3603 966 3675 iniraiuteriectis
977 3605 1102 3668 iilismi·
1144 3601 1524 3681 ptionemiertutiiauus:
1534 3603 1588 3666 lib.
1603 3613 1685 3667 cont.
1699 3603 1769 3668 lud.
1784 3623 1852 3682 cup.
1867 3605 1897 3668 1.
1910 3607 1948 3668 de
1962 3606 2021 3668 lie·

234 3693 353 3763 nistais,
375 3691 466 3752 attam
480 3691 618 3770 corporis
638 3687 859 3752 restituendam
881 3689 914 3749 in
928 3685 1100 3750 nieutona
1147 3685 1240 3750 trooit.
1255 3685 1364 3750 sicait:
1384 3681 1598 3758 Qnirrcaatnm
1607 3691 1741 3750 mortem
1753 3690 1904 3768 prestanti,
1917 3697 1953 3752 nt
1965 3703 2019 3752 oe·

231 3773 480 3837 resurrectionis.
496 3773 637 3850 benique
651 3770 752 3845 tertio,
767 3769 884 3834 ibidem
895 3769 990 3844 addit,
1007 3785 1102 3850 posse
1146 3767 1306 3831 tentilatio
1319 3765 1525 3854 candidatas.
1537 3768 1728 3848 Epiphanius
1741 3773 1770 3833 in
1785 3777 1895 3835 aanor.
1909 3773 1947 3835 da
1961 3771 2019 3834 iic-

231 3859 325 3920 etiaru
341 3855 508 3936 significari
524 3872 579 3935 per
590 3855 670 3917 bauo
680 3854 758 3916 sitae
768 3852 1005 3928 restitutionem,
1019 3855 1101 3933 qaod
1147 3849 1228 3917 noan
1245 3857 1276 3913 et
1289 3849 1375 3912 lieiia
1392 3855 1437 3914 sic
1451 3852 1503 3910 ait:
1521 3851 1562 3912 itt
1575 3854 1641 3915 dno
1655 3855 1896 3931 permanentiis
1907 3869 2019 3933 corpo·

231 3940 392 4001 videamus
415 3939 526 4000 multos
541 3955 557 3999 a
573 3937 636 3999 beo
656 3937 780 3999 excitari
800 3936 878 3998 aiios
892 3933 1049 3998 ministros
1071 3937 1101 3998 in
1146 3947 1183 3996 re
1198 3937 1228 3994 ct
1243 3937 1359 3998 anima
1378 3939 1511 4015 propter
1524 3949 1630 4012 spana:
1650 3936 1854 4016 iiieronymus
1876 3938 1906 4000 in
1920 3939 2015 4016 epist.

230 4022 336 4085 locum
353 4019 668 4082 interiectoruracum
684 4019 794 4082 eodem
809 4018 875 4081 acio
889 4023 920 4077 et
933 4017 1054 4080 virtute.
1147 4014 1185 4076 ad
1199 4013 1374 4080 Pammacii.
1389 4023 1473 4080 cont.
1485 4015 1573 4080 toan.
1587 4016 1738 4082 iiiernsci.
1752 4019 1893 4098 iianoolt,
1905 4020 2016 4100 inquit,

272 4103 409 4166 tinimia
423 4103 506 4165 ieras
517 4103 657 4166 santbae
667 4102 900 4181 responsiones.
910 4099 1006 4162 Prima
1019 4101 1103 4164 enim
1147 4099 1325 4164 translatas
1340 4106 1387 4164 asi
1400 4101 1438 4162 in
1452 4113 1563 4172 earne,
1581 4099 1836 4166 lielimoummts
1846 4107 1960 4182 rapitis
1973 4107 2019 4166 eei

232 4185 358 4250 delendi
376 4201 437 4250 non
453 4191 569 4266 potest,
582 4187 654 4263 auia
669 4183 827 4246 beatitudo
841 4185 962 4244 animae
975 4198 1038 4244 nou
1055 4192 1103 4246 est
1145 4184 1183 4248 in
1197 4183 1337 4253 coctam,
1353 4185 1494 4246 necdum
1507 4184 1921 4266 mortnt.'etporodisijam
1932 4184 2019 4248 eolo·

232 4267 388 4334 restitutio
402 4268 480 4331 ritae
494 4269 637 4341 amissae,
653 4268 709 4330 sed
725 4282 820 4330 norae
834 4265 913 4326 ritae
925 4264 1099 4342 acquisitio.
1145 4266 1184 4330 ni
1197 4271 1255 4330 aia.
1271 4265 1457 4345 Augustinus
1470 4264 1525 4326 iib.
1538 4265 1578 4328 de
1590 4265 1717 4346 peccato
1728 4267 1868 4348 originali
1881 4283 1949 4347 cap.
1963 4265 2016 4332 23.

233 4352 355 4416 ltoinde
368 4352 431 4414 dao
445 4349 489 4413 ilii
500 4353 597 4414 testes
607 4352 639 4414 in
652 4349 832 4430 Apocalypsi
845 4347 1102 4412 commonuibus
1145 4349 1287 4418 lintoolo.
1305 4351 1415 4428 inquit.
1430 4353 1458 4410 et
1468 4345 1673 4412 ileliamnon
1685 4349 1883 4432 dubitantes,
1895 4352 1934 4416 in
1945 4351 2016 4432 qni·

232 4439 409 4514 resurgent.
432 4440 463 4494 st
478 4447 605 4512 corpore
620 4447 745 4496 sursum
765 4447 874 4494 rersus
889 4427 1100 4507 niorabuntur,
1150 4431 1209 4496 bns
1223 4431 1297 4498 nuti
1309 4437 1386 4496 sami
1401 4429 1602 4511 corporibus,
1618 4433 1735 4497 otnero.

234 4517 463 4597 quodcertein
480 4513 803 4580 beatitudineanimae
819 4511 1052 4590 nonimpletur.
1150 4514 1153 4520 '
1611 4573 1614 4580 κ

275 4599 419 4662 Secunda
441 4597 553 4662 solutio
569 4599 646 4661 nihil
666 4602 758 4663 etiam
774 4599 861 4660 rsiet.
877 4596 953 4659 iiam
965 4593 1102 4659 loannes
1478 4592 1599 4658 cient
1621 4595 1686 4662 iti.

233 4682 320 4756 dicii,
338 4683 417 4743 duos
432 4681 503 4744 ilios
519 4686 613 4743 testes
627 4686 856 4744 resurrecturos
875 4685 946 4741 ante
962 4678 1103 4742 uitiatum

232 4765 328 4841 diem,
352 4767 481 4826 durante
495 4763 640 4826 nimirum
660 4763 761 4826 adbuc
774 4767 853 4825 stata
868 4762 961 4843 bajus
979 4761 1099 4824 mundi:
1283 4761 1481 4842 amittatur
1495 4768 1615 4842 onorio
1629 4762 1870 4828 demonstratio.

230 4849 315 4910 addit
329 4847 411 4910 enim
422 4845 569 4918 loannes,
583 4845 722 4908 timorem
733 4861 877 4925 magnum
890 4843 1100 4907 incutiendum

231 4930 369 4992 inimicis
383 4943 490 4990 eorum
505 4944 543 4990 ex
557 4928 608 4990 illa
624 4931 861 4991 resurrectione:
875 4934 908 4990 et
918 4926 1009 5006 paulo
1031 4933 1101 5006 post
1186 4927 1298 5006 Quarta
1315 4926 1537 4992 demonstratio
1549 4925 1680 4990 sumitur
1691 4941 1729 4990 aa
1740 4943 1789 5001 eo,
1802 4927 1885 5008 quod
1897 4933 2015 4994 certum

232 5019 335 5076 terrae
349 5018 464 5074 motum
479 5012 628 5082 iuturum,
651 5018 681 5074 et
696 5017 814 5090 septem
830 5010 925 5071 miliia
940 5009 1098 5074 bominum
1145 5009 1382 5087 est,iuticbristi
1399 5010 1671 5090 persequutionem
1685 5010 1751 5074 iure
1764 5010 1972 5090 grauissimam
1985 5018 2016 5077 et

230 5093 818 5173 peritura.'tertiadeniquosoiutionon
831 5098 879 5156 est
890 5091 927 5154 ad
938 5107 1015 5154 rem.
1028 5093 1099 5155 itam
1145 5094 1349 5172 notissimam
1366 5091 1406 5154 itu
1416 5097 1455 5155 ut
1470 5099 1595 5157 cessent
1609 5107 1718 5156 ornnes
1733 5093 1876 5174 publicae
1890 5094 2012 5176 reiigio-

231 5179 389 5256 Scriptum
404 5176 489 5248 dicii,
507 5177 578 5237 iiios
591 5177 719 5239 eosdem
733 5175 786 5255 qui
799 5173 907 5237 mortui
919 5174 1038 5236 lucrant
1049 5192 1099 5238 ex·
1144 5175 1195 5240 nis
1211 5177 1422 5239 caeremonias
1442 5181 1475 5237 ot
1488 5174 1658 5260 saaridoia3
1675 5191 1806 5256 quorum
1822 5176 1897 5238 nibil
1913 5177 2014 5242 adbuc

230 5262 386 5332 citandos,
401 5259 610 5321 etiameium
624 5258 1098 5322 assumendosznosautemnon
1146 5259 1299 5322 ridemus.
1323 5257 1409 5333 Quod
1433 5257 1484 5320 iiia
1505 5255 1610 5320 ultima
1633 5260 1832 5338 persequutio
1854 5258 1895 5322 sit
1914 5258 2013 5323 latina

228 5344 364 5404 uidimus
378 5341 479 5404 adbuc
493 5341 589 5403 ulium
605 5341 776 5403 ministrum
792 5339 985 5402 lutheranum
997 5343 1098 5402 resur·
1146 5340 1337 5420 grauissima,
1353 5346 1437 5420 patet
1448 5355 1485 5404 ex
1496 5339 1550 5403 iiio
1562 5339 1666 5403 ilaitir.
1680 5340 1731 5404 at.
1745 5343 1814 5406 brit
1825 5347 1902 5406 tane
1914 5341 2014 5422 tribn-

229 5443 317 5504 gcrc.
336 5425 382 5488 rei
398 5427 428 5485 in
440 5425 560 5486 ecetram
572 5423 701 5486 assumi.
715 5422 805 5497 Quid.
817 5421 899 5501 quod
909 5422 1044 5489 loannes
1055 5423 1101 5486 di·
1147 5423 1226 5486 tatio
1237 5439 1371 5504 mopna,
1386 5423 1494 5504 arcolis
1505 5438 1574 5486 non
1584 5422 1647 5502 init
1659 5422 1699 5486 ab
1709 5425 1805 5488 britio
1815 5425 1944 5497 mantili.
1957 5441 2013 5489 ne·

232 5510 285 5581 cit,
302 5507 430 5570 Henoeb
443 5513 474 5568 et
484 5505 602 5569 lieiiam
612 5507 713 5568 saccis
725 5505 848 5568 indutos
859 5505 1099 5586 praedicaturos,
1145 5520 1208 5585 crte
1223 5505 1294 5568 crit.
1311 5505 1347 5566 iit
1361 5521 1397 5568 ex
1412 5505 1508 5586 ipae.
1524 5505 1577 5568 to.
1593 5505 1647 5568 ubi
1661 5507 1804 5584 legimus:
1821 5503 1908 5568 iimo
1920 5506 2011 5571 Sato-

230 5597 261 5653 et
275 5589 441 5654 tutberani
457 5605 564 5652 saccos
578 5589 618 5650 ita
632 5589 783 5658 oderam.-
797 5591 831 5649 ui
844 5589 870 5650 si
886 5589 964 5651 iorte
978 5603 1033 5650 eos
1047 5586 1100 5649 ba·
1143 5603 1225 5649 nam
1238 5587 1439 5665 soluendam,
1457 5586 1510 5669 qui
1525 5603 1624 5667 usque
1639 5587 1676 5649 ad
1693 5589 1766 5650 titud
1784 5593 1905 5669 tempus
1916 5589 2013 5654 luerut

232 5673 320 5751 beat,
336 5674 411 5735 dum
424 5670 590 5734 buiberani
604 5670 693 5742 liunt,
709 5669 856 5732 contiuuo
870 5685 926 5733 cos
940 5669 1097 5750 abjiciant.
1143 5670 1270 5749 ligatus.

269 5755 421 5820 Probatur
434 5755 585 5828 secando,
608 5767 679 5816 rere
694 5753 726 5815 in
741 5753 965 5831 suispersouis
978 5752 1097 5814 iieiiam
1184 5751 1229 5814 ite
1244 5767 1304 5829 auu
1319 5751 1388 5814 loco
1403 5751 1564 5832 disputans
1578 5751 1768 5832 Augustinus
1781 5753 1834 5816 tib.
1848 5743 1901 5816 20¹.
1914 5753 1953 5820 de
1965 5755 2010 5818 ci·

232 5843 262 5900 et
272 5837 401 5902 iteaocb
413 5841 559 5901 reatinos
571 5843 709 5914 tempora
719 5834 906 5909 antichristi,
919 5849 956 5898 ex
968 5849 1098 5896 cousen-
1144 5834 1196 5897 rit.
1214 5835 1267 5898 ltei
1284 5851 1351 5913 cap.
1368 5833 1400 5898 8.
1417 5841 1447 5898 at
1460 5835 1492 5898 9.
1509 5833 1593 5908 dicit,
1609 5835 1784 5898 Antichristi
1798 5843 1935 5916 tempore
1948 5837 2010 5901 dia-

197 5958 198 5975 1
232 5937 268 5982 su
284 5921 416 5984 Patrum.
433 5920 506 5982 itam
520 5919 559 5982 de
574 5918 659 5981 iieiia
673 5917 704 5980 id
716 5915 1015 5990 asseruntitiiartus,
1027 5915 1098 5978 iiie·
1143 5917 1249 5980 bolum
1265 5917 1459 5990 soluendum,
1477 5922 1508 5980 et
1522 5918 1651 5997 proinde
1667 5923 1750 5982 tanto
1760 5922 1930 6001 grauiorem
1945 5919 2010 5984 ioan

198 6036 199 6047 .
231 6015 391 6083 ronanus,
414 6001 578 6084 origenes,
602 6000 849 6082 chrysostomus,
872 5999 967 6063 etaiii
988 6013 1101 6064 omnes
1142 6000 1224 6064 iilum
1252 6000 1525 6081 persequutionem
1551 5999 1695 6064 ornuibus
1724 6001 1979 6082 praecedentibus
1999 6051 2007 6074 ,

197 6062 201 6157 r
230 6085 371 6151 laubaci
393 6085 589 6166 interpretes,
613 6085 645 6147 iu
660 6099 728 6165 sap.
754 6081 1098 6149 intremiscamus
1144 6090 1255 6166 quanto
1277 6085 1432 6150 crudelius
1455 6089 1558 6166 potest
1573 6081 1716 6152 diabolus
1737 6085 1854 6152 saarim
1876 6085 2006 6163 solutus,
