4792 7009
936 759 942 768 '
1005 755 1103 815 tibuit
1120 753 1260 815 rhtrrttts
1891 753 1946 816 idi

258 933 264 940 -
291 893 410 960 restim
423 893 491 966 sio,
508 891 682 965 otiosius,
698 890 770 974 quia
785 891 1110 968 erduobusscriptc·
1154 893 1260 968 pterea
1290 893 1395 954 aotam
1421 887 1535 964 latres,
1559 900 1620 952 non
1644 905 1713 952 osse
1729 888 1842 954 dietum
1858 907 1872 950 a
1889 889 2018 971 loanne3

257 981 300 1058 .is;
314 977 426 1041 Pontos
440 977 492 1036 ait:
509 975 575 1040 lloc
589 983 700 1040 outcnr
714 977 799 1047 dico,
812 991 855 1038 uc
866 976 939 1055 quis
949 974 1037 1037 oobo‘o
1048 973 1110 1051 rot
1159 971 1232 1034 Vidi
1245 971 1371 1034 stelione
1392 971 1432 1034 de
1447 972 1532 1034 coelo
1548 972 1726 1042 cadentem,
1744 973 1797 1037 sed
1811 973 1882 1037 uidi
1895 975 2020 1042 stettmo

250 1064 293 1126 ris
305 1058 488 1124 rationibus
499 1059 649 1138 imponat
668 1065 726 1122 etc.
743 1058 862 1122 Goloss.
879 1057 909 1121 2.
926 1064 957 1121 at
971 1056 1111 1123 exorien·
1157 1055 1197 1118 de
1219 1055 1306 1117 cocio
1322 1055 1474 1118 εειιιιιιιε
1488 1057 1526 1118 iu
1540 1059 1669 1118 terram.
1692 1053 1772 1136 vidit
1787 1057 1868 1116 eninr
1885 1055 2020 1121 loannes

251 1142 545 1222 turpaeudochviab'
562 1189 569 1208 .
587 1148 616 1204 et
628 1141 929 1221 pseudoprophetae
947 1187 955 1214 ‚
972 1141 1112 1205 credent
1156 1137 1276 1199 stellam
1297 1137 1379 1200 iliam
1396 1153 1451 1216 per
1465 1143 1573 1201 terram
1587 1137 1650 1218 jam
1666 1145 1836 1216 repentem,
1853 1159 1932 1218 quoe
1948 1145 2019 1206 olim

250 1229 343 1308 cippo
358 1231 416 1287 cle.
433 1225 537 1286 llattb.
554 1223 605 1286 2l.
623 1225 714 1305 igitur
729 1223 1051 1286 errchontiflclorum
1063 1223 1111 1283 in·
1157 1219 1189 1280 in
1213 1220 1301 1282 coelo
1315 1220 1485 1283 clarissime
1501 1221 1634 1283 fulserat.
1651 1219 1883 1284 Diabolo·etiam
1900 1225 2021 1304 aptissi-

250 1305 418 1373 totembilis
433 1313 501 1380 cst,
524 1308 580 1387 qui
591 1306 807 1370 Antichristurn
824 1306 921 1369 tribus
936 1306 1025 1368 annis
1041 1320 1112 1367 curu
1156 1317 1206 1364 nro
1224 1303 1377 1376 contenit,
1395 1303 1476 1382 qnod
1492 1304 1642 1381 sequitur:
1671 1303 1709 1366 lit
1724 1304 1808 1374 doto*
1818 1313 1863 1369 εει
1878 1307 1909 1370 ei
1923 1309 2021 1372 olonis

253 1391 380 1456 dimidio
395 1397 591 1467 regnaturum
607 1391 724 1452 dicunt.
1154 1385 1250 1463 puisi
1262 1385 1382 1467 alpem.
1398 1384 1435 1447 tit
1450 1388 1530 1448 enim
1548 1383 1685 1470 Christus
1700 1387 1793 1450 babet
1808 1395 1837 1470 ει
1853 1394 2021 1453 cunimuni·

291 1474 465 1536 Postremus
477 1471 534 1547 sio,
545 1469 890 1549 etlortissime,qoiaex
901 1469 999 1532 tribus
1010 1467 1112 1547 Scrip·
1159 1473 1208 1528 cai
1234 1468 1299 1544 suis
1315 1469 1416 1531 clares
1431 1471 1517 1548 regni
1533 1469 1699 1535 coelorum.
1725 1477 1756 1530 ει
1770 1478 1875 1550 regnat
1891 1472 1920 1533 in
1938 1490 2022 1535 rrren·

250 1557 338 1620 turis.
354 1554 468 1616 Paulus
483 1561 597 1616 monet:
618 1555 723 1618 Videte
739 1601 747 1629 ‚
762 1569 806 1618 ne
820 1554 893 1634 quie
906 1569 961 1615 ooo
976 1552 1113 1631 deproc-
1159 1549 1244 1610 tibus
1268 1549 1407 1612 ildelium
1422 1557 1453 1612 et
1467 1552 1598 1630 piorum:
1612 1551 1650 1612 ita
1664 1550 1805 1614 diabolus
1819 1553 1910 1616 hebet
1921 1557 2023 1618 clares

252 1641 419 1716 dcimpcr
431 1637 670 1716 philosophiam
684 1644 742 1700 ete.
758 1634 876 1699 Goioss.
893 1635 1018 1714 2.atqui
1031 1637 1113 1696 ιιιιι·
1160 1629 1246 1710 putei
1272 1631 1387 1712 abyssi,
1414 1639 1445 1694 ει
1469 1638 1577 1713 regnat
1596 1634 1627 1694 in
1645 1632 1716 1696 liliis
1731 1634 1928 1712 dillldentiae,
1946 1645 1976 1700 et
1991 1639 2024 1701 iu

250 1723 384 1784 cbristus
397 1720 486 1785 iaciet
499 1722 699 1782 munitionem
711 1719 915 1806 licilianum,
927 1717 1045 1780 lianiel.
1060 1718 1110 1782 ιι.
1161 1713 1327 1792 scripturis
1351 1715 1464 1793 possim
1481 1723 1615 1778 vocatur:
1633 1715 1786 1795 Princeps
1802 1718 2026 1795 tenebrarum·

250 1805 429 1867 etloannes
439 1803 512 1864 vidit
523 1803 684 1865 mulierem
695 1801 812 1865 ebriam
823 1802 862 1863 de
876 1797 1028 1880 sanguino
1042 1816 1110 1861 sau·
1159 1796 1313 1876 princepe
1327 1797 1425 1878 buitta
1438 1799 1566 1874 mundi,
1580 1797 1663 1861 Deus
1679 1798 1778 1877 lutiam
1792 1802 2023 1878 soeculiloan.

248 1885 569 1964 ctorcm‚llpocat.tt.
585 1886 862 1966 errantigiturtcto
874 1883 1114 1961 coetoiapistae
1160 1879 1210 1942 lh.
1228 1885 1258 1942 et
1274 1880 1323 1941 lt.
1349 1879 1380 1942 2.
1397 1879 1532 1942 Corinth.
1560 1881 1590 1942 l.
1607 1881 1722 1959 liphcs.
1749 1881 1785 1944 6..
1798 1881 1916 1948 Goloss.
1947 1887 1974 1948 l.
1992 1893 2023 1948 ei

251 1961 454 2044 condicunt,
471 1968 686 2031 Antichristum
701 1969 733 2030 in
747 1972 853 2030 monte
867 1965 970 2028 oltv'eti
981 1981 1051 2029 esse
1063 1981 1113 2029 oo·
1158 1961 1243 2026 aiibi.
1260 1961 1330 2042 lpse
1346 1977 1467 2040 quoquc
1482 1969 1540 2038 est,
1557 1964 1610 2042 qui
1623 1963 1687 2027 lieo
1700 1967 1894 2044 permittente
1905 1967 2024 2030 iumum

248 2051 428 2114 monadum.
460 2053 467 2074 ⁸
1159 2061 1197 2108 ex
1212 2051 1305 2124 poteo
1330 2043 1439 2107 emittit
1453 2059 1602 2108 errorum:
1630 2048 1726 2125 etqui
1743 2063 1820 2111 nova
1835 2049 2024 2114 locustarum

254 2184 256 2187 .
290 2133 380 2196 liubit
395 2132 512 2195 veniam
528 2131 790 2195 candiduslcctor
805 2176 814 2205 ,
831 2131 912 2211 quod
928 2129 968 2192 itu
982 2130 1115 2194 ridicule
1159 2127 1309 2203 examina,
1326 2127 1416 2202 idest,
1441 2143 1536 2190 novos
1552 2129 1782 2192 haeresiarchas
1798 2146 1867 2192 oum
1884 2135 2026 2196 exercitii

250 2215 444 2278 lilmannum
460 2215 645 2294 exceperim.
663 2214 770 2295 coegit
784 2215 866 2276 enim
889 2231 937 2275 me
953 2214 1115 2293 impuden·
1159 2210 1219 2273 bus
1233 2211 1309 2286 suis,
1327 2209 1459 2289 singulis
1474 2225 1554 2290 pene
1569 2211 1757 2287 mesnileio
1774 2211 1932 2278 Ecclesiae
1944 2215 2025 2281 fines

249 2299 290 2360 tia
307 2297 453 2368 bominis,
471 2299 523 2377 qni
538 2315 609 2360 cum
623 2297 702 2360 nihil
716 2297 833 2360 adierat
844 2296 969 2376 dignum
981 2297 1117 2359 conluta·
1159 2292 1304 2356 immittit.
1332 2292 1486 2381 Secundo,
1503 2297 1572 2372 quin
1589 2292 1727 2376 thtraei
1750 2299 1921 2361 sententiae
1936 2315 2027 2378 repu-

196 2386 197 2427 t
251 2384 349 2443 tione:
367 2389 467 2443 tamen
484 2384 521 2441 ita
537 2380 640 2460 garrit.
656 2380 698 2443 ita
712 2380 880 2460 gloriatur,
896 2397 932 2441 ao
947 2379 973 2442 si
987 2384 1116 2442 demon·
1160 2379 1234 2455 goat
1248 2375 1329 2454 quod
1346 2375 1388 2437 ait
1401 2374 1536 2438 loannes
1562 2378 1593 2438 in
1610 2377 1669 2440 boc
1685 2377 1793 2440 eodem
1810 2381 1908 2458 eapite
1920 2379 1962 2442 de
1978 2397 2027 2444 se·

250 2464 416 2526 stratiooos
425 2463 645 2539 mathematicis
653 2463 801 2528 omhorcs
811 2468 842 2527 et
852 2463 1000 2527 clariores
1008 2463 1041 2524 io
1053 2475 1117 2526 me*
1160 2465 1211 2521 xto
1236 2459 1359 2534 angelo,
1388 2464 1516 2521 etsexta
1534 2460 1787 2540 persequutione.
1803 2459 1877 2524 llam
1893 2479 1920 2526 s.
1936 2461 2029 2526 Joca-

251 2547 337 2608 dtum
355 2546 521 2612 attulisset.
1162 2556 1220 2602 nes
1234 2539 1267 2602 in
1282 2539 1313 2602 8.
1330 2546 1362 2603 ει
1375 2539 1407 2603 9.
1424 2556 1492 2620 cap.
1507 2540 1632 2620 Apocal.
1647 2542 1796 2605 describit
1808 2559 1863 2622 per
1875 2543 1963 2609 tubas
1976 2561 2031 2608 sex

196 2636 197 2651 ι
782 2658 786 2666 -
1163 2623 1342 2702 angelornm
1357 2639 1411 2685 sex
1427 2625 1685 2702 persequutiones
1700 2625 1934 2702 haereticorum,
1952 2645 2030 2709 quae

925 2755 928 2761 .
1162 2706 2031 2790 loturaecroniatempore-apostolorumusqueadmun·

567 2788 690 2857 carui
699 2792 812 2858 lllllll.
1162 2786 1193 2851 di
1210 2789 1519 2852 consummationem.
1546 2789 1582 2850 lit
1595 2791 1665 2869 ipse
1679 2791 1762 2854 idem
1789 2791 1959 2874 thtracus
1974 2809 2030 2872 per

463 2898 465 2907 =
512 2909 517 2916 -
1164 2873 1295 2951 primam
1320 2870 1423 2934 tubam
1445 2869 1588 2952 inteiligit
1600 2889 1662 2938 non
1678 2875 1758 2936 male
1774 2874 1925 2938 baeresim
1941 2875 2031 2939 libio·

400 2958 791 3039 Reicitumurmendnoio
807 2957 967 3041 Gbptroei.
986 2998 989 3002 ι
1165 2955 1307 3018 citarum
1338 2969 1416 3032 quae
1442 2959 1579 3032 tempore
1601 2957 1807 3036 apostolorum
1824 2958 1952 3020 excitata
1968 2964 2028 3022 est:

964 3055 967 3059 ·
1163 3053 1220 3116 per
1235 3038 1402 3098 secundam
1420 3037 1561 3115 inteiligit
1583 3038 1747 3112 haeresim,
1765 3055 1842 3120 quac
1861 3049 1965 3120 postea
1982 3059 2030 3104 so·

252 3157 256 3164 ·
291 3123 386 3186 liovid
404 3124 570 3204 Girgiraeus
583 3123 614 3185 in
626 3120 712 3186 Gom.
725 3139 794 3202 cap.
807 3122 948 3202 empus.
962 3122 1119 3201 explicans
1164 3126 1256 3199 quutn
1268 3125 1323 3204 osi
1338 3118 1563 3182 Gnosticorum:
1591 3137 1646 3200 per
1661 3121 1791 3198 tertiam,
1809 3123 1960 3186 haeresim
1977 3123 2031 3186 ad·

248 3206 400 3269 visionem
416 3209 498 3268 ittam
513 3206 652 3277 loannis,
669 3223 727 3285 qua
743 3206 850 3284 quinto
861 3205 973 3284 angelo
985 3205 1056 3268 tuba
1069 3215 1118 3267 ou·¹
1164 3203 1226 3264 huo
1242 3203 1444 3280 posteriorem
1472 3201 1661 3267 Samosateni
1679 3211 1707 3267 et
1721 3203 1795 3266 Arii:
1814 3223 1869 3285 per
1881 3213 2029 3286 quartana,

195 3286 198 3297 ’
250 3291 494 3366 nonteprimum
509 3288 1118 3368 visaeslingensstolladecoelocado·
1164 3283 1319 3375 baeresim
1337 3283 1462 3366 Pelagii,
1479 3302 1557 3366 quae
1573 3287 1634 3350 iltis
1646 3285 1789 3351 omnibus
1802 3292 1952 3366 posterior
1964 3290 2029 3352 icit.

250 3387 283 3433 ro
299 3372 330 3434 in
349 3379 471 3433 terram.
488 3371 539 3433 cni
553 3373 621 3434 data
636 3376 684 3432 est
698 3371 792 3431 claris
805 3370 888 3448 putei
901 3369 1016 3450 abyssi:
1030 3371 1119 3434 deio-
1206 3365 1271 3428 Jam
1301 3383 1373 3430 vero
1400 3369 1425 3430 si
1440 3383 1495 3446 per
1510 3367 1644 3448 quintam
1662 3370 1841 3449 intelligitur
1855 3371 2033 3434 Antichristi

250 3455 290 3516 de
304 3455 392 3515 visus
407 3460 454 3516 εει
465 3453 566 3516 inmas
578 3471 614 3515 ex
625 3453 737 3532 abysso
750 3453 1117 3516 densissimus-ascendo·
1163 3449 1637 3530 romanipersequutio,qune,ut
1650 3453 1710 3530 ipsi
1727 3453 1815 3514 otiam
1833 3451 2032 3527 rarunrurpo.

248 3551 283 3599 rc
297 3583 310 3610 ,
326 3537 379 3616 qui
397 3538 494 3600 solem
519 3544 550 3598 ot
563 3551 667 3598 acrem
682 3536 857 3597 obscuravit
873 3554 882 3596 τ
908 3541 1065 3614 postremo
1080 3551 1119 3600 ex
1162 3533 1286 3594 tissima
1301 3534 1500 3612 persequutio
1509 3539 1566 3604 εει,
1584 3535 1657 3612 qnid
1670 3536 1876 3616 intelligemus
1901 3553 2031 3616 persor·

249 3618 334 3682 inmo
350 3623 435 3681 visae
450 3625 522 3681 sunl
537 3618 659 3698 prodire
673 3619 810 3680 locustae
826 3618 975 3696 quaedam
987 3618 1118 3694 admira·
1170 3621 1228 3676 tam
1253 3615 1375 3677 tnbami
1401 3616 1575 3694 licspondct
1589 3617 1768 3697 Chytraeus:
1785 3635 1840 3697 per
1854 3625 1969 3698 sertam
1984 3626 2032 3684 tu·

248 3701 341 3771 biles,
358 3717 441 3780 quae
457 3703 547 3781 paolo
562 3700 738 3781 post-etiam
754 3715 914 3778 equorum,
932 3705 962 3763 et
977 3699 1115 3774 leonum,
1164 3697 1235 3760 bom
1257 3697 1424 3778 significari
1447 3697 1719 3780 persequutionem
1733 3701 1895 3764 llalrumeti
1912 3709 1943 3765 et
1957 3705 2031 3766 Tur·

250 3789 279 3846 ct
294 3786 495 3864 scorpionum
514 3831 521 3856 ,
549 3792 579 3845 ει
593 3785 752 3845 homiuum
772 3789 955 3845 armatorum
980 3785 1118 3862 spetiem
1164 3797 1281 3842 carum.
1298 3781 1359 3843 Sed
1376 3782 1434 3842 boo
1451 3797 1512 3842 non
1527 3788 1610 3845 recle
1626 3783 1748 3858 dicitur,
1766 3790 1827 3846 ium
1841 3784 1911 3863 qnia
1927 3787 2031 3851 llahn·

248 3883 324 3946 prae
342 3883 378 3928 se
390 3867 542 3929 ierebant.
554 3865 649 3940 liano,
664 3867 800 3943 inquam,
813 3865 963 3927 visionem
976 3864 1119 3946 Glrytrae·
1166 3866 1277 3924 meloni
1306 3879 1364 3924 non
1382 3865 1538 3939 bolonitici,
1565 3867 1619 3928 sed
1636 3867 1745 3946 pagani
1761 3875 1842 3940 sunt,
1860 3871 2031 3934 tumetium

249 3967 288 4012 us
302 3951 467 4028 explicans
484 3997 492 4024 ,
519 3949 559 4010 iia
574 3965 640 4011 eom
656 3963 781 4010 romano
798 3947 933 4025 pontiflci
955 3950 1120 4010 convenire
1166 3947 1236 4024 quia
1252 3945 1415 4008 llahumeti
1432 3949 1630 4026 persequutio
1646 3965 1706 4010 non
1722 3957 1869 4029 sequetur
1880 3951 2031 4016 Antichri-

251 4032 461 4097 cxistimavit.
478 4039 568 4110 atque
583 4031 622 4094 ab
637 4032 705 4093 aliis
720 4029 886 4093 existimari
901 4030 1012 4106 noluit,
1029 4037 1062 4092 nt
1076 4033 1121 4092 ιιι·
1166 4029 1206 4090 sti
1233 4029 1515 4107 persequutionem,
1542 4029 1607 4092 sed
1618 4032 1793 4109 praecedet,
1811 4039 1842 4096 ut
1856 4049 1914 4096 nos
1929 4035 2032 4098 existi·

251 4121 347 4178 cerci:
364 4114 610 4185 Antichristurn,
625 4115 683 4190 seq
698 4115 848 4177 ordinem
857 4119 1002 4192 papatus
1014 4128 1121 4177 romu·
1167 4127 1299 4186 mamus,
1327 4111 1375 4173 rel
1400 4113 1492 4174 simul
1518 4122 1690 4194 peragetur,
1714 4121 1748 4177 nt
1762 4113 1929 4196 Chytraeus
1945 4119 2030 4181 dicit.

248 4199 287 4262 ni
297 4199 338 4262 in
352 4198 556 4261 bucoioione
568 4197 719 4271 ιιειιιιιι,
735 4194 956 4260 non'dubium
970 4201 1024 4259 εει.
1166 4193 1273 4274 ltaque
1297 4193 1486 4257 confundere
1509 4197 1628 4274 cogitur
1644 4195 1810 4276 Chytroous
1827 4199 1929 4262 tubam
1945 4199 2032 4280 quin·

291 4279 329 4342 lit
343 4281 473 4360 quidem
490 4280 611 4341 initiam
626 4280 720 4361 huius
736 4279 862 4341 visionis
877 4278 916 4340 ab
928 4295 1008 4340 arrno
1020 4277 1120 4340 llomi·
1165 4284 1227 4338 tam
1241 4293 1309 4340 curn
1322 4283 1418 4348 sexta,
1431 4293 1501 4340 curn
1514 4284 1614 4342 tamen
1626 4275 1760 4358 'reliquas
1772 4283 1810 4344 od
1822 4279 1942 4345 diversa
1956 4292 2031 4346 lem·

250 4364 282 4425 ni
298 4361 374 4426 GGG.
392 4360 577 4428 sorbendum
593 4377 664 4424 esse
682 4363 782 4438 docet,
800 4379 835 4424 ac
850 4363 970 4424 stellam
983 4361 1063 4422 iilam
1080 4362 1119 4422 da
1165 4376 1239 4438 pora
1265 4359 1339 4422 satis
1364 4365 1468 4439 aperte
1493 4361 1641 4424 retulerit.
1658 4361 1766 4426 liclius
1781 4363 1872 4441 igitur
1886 4365 2029 4438 catholici

249 4445 517 4510 coeloeadentem
528 4445 706 4524 Gregorium
718 4461 861 4525 magnum
874 4459 1032 4506 romonum
1044 4459 1120 4523 pon·
1165 4457 1222 4521 per
1236 4449 1352 4505 sextam
1368 4445 1470 4505 tubum
1485 4443 1659 4524 intelligunt
1673 4445 1847 4510 antichristi
1862 4463 2032 4530 persequu-

249 4528 379 4592 tiiicem.
398 4527 530 4607 ejusque
541 4543 744 4591 successores
756 4543 839 4603 esse,
853 4527 905 4606 qui
917 4527 1048 4606 abjectis
1060 4528 1119 4588 eia·
1167 4525 1292 4620 tionem,
1306 4541 1384 4605 quac
1396 4541 1466 4588 rere
1479 4533 1643 4606 postrema,
1658 4533 1689 4590 et
1699 4531 1876 4607 gravissimu
1890 4533 1958 4594 crit:
1977 4547 2033 4610 per

248 4609 451 4689 ribus‘regni
467 4611 640 4683 coelorum,
656 4613 758 4674 claves
774 4610 857 4689 putei
873 4609 977 4690 abyssi
992 4604 1119 4685 recepe-
1167 4615 1303 4702 quinium
1330 4617 1441 4682 autern,
1460 4609 1610 4671 haeresim
1627 4611 1759 4688 aliquam
1775 4613 1860 4674 v'aldc
1876 4615 2031 4693 pernicio·

249 4701 335 4756 runt.
364 4693 494 4754 iumnm
520 4709 557 4754 ex
573 4697 676 4770 -puteo
699 4695 900 4771 prodeuntem
927 4707 998 4756 esse
1018 4707 1120 4754 corrn-
1166 4707 1242 4765 sam,
1266 4707 1345 4770 quae
1361 4691 1535 4754 Antichristi
1553 4697 1687 4772 tempora
1703 4695 1841 4772 proxime
1857 4699 2030 4772 antecedet,

248 4778 353 4857 ptolas
376 4777 546 4843 doctrinae,
567 4775 727 4853 curiasque
748 4776 925 4837 traditiones
940 4774 1122 4854 pontilloom.
1166 4790 1256 4854 quam
1272 4773 1395 4854 quidem
1409 4791 1479 4838 csse
1492 4775 1644 4838 haeresim
1656 4776 1857 4841 Lutheranam
1873 4779 1958 4842 multi
1972 4782 2032 4842 val·

249 4873 464 4922 romanorum.
480 4857 619 4934 benique
634 4873 762 4920 examen
775 4859 958 4920 locustarum
972 4858 1035 4919 vult
1049 4873 1120 4920 esse
1167 4859 1206 4918 de
1224 4857 1421 4934 probabiliter
1435 4858 1616 4939 conjiciunt.
1921 4877 1922 4880 ¹

250 4944 436 5022 episcopos,
463 4938 604 5013 clericos,-
632 4942 800 5002 monachos
821 4946 880 5003 ete.
907 4957 943 5002 ac
958 4947 991 5002 ut
1006 4941 1121 5004 lucrum
1207 4937 1320 5016 Tertio,
1344 4942 1414 5018 quia
1441 4948 1502 5003 toto
1527 4943 1615 5004 ooclo
1631 4942 1751 5006 aberrat
1766 4942 1943 5022 Ghyiraeus.
1961 4961 2031 5006 cnm

248 5026 347 5088 istum
361 5024 467 5102 utiquc
482 5021 574 5090 modo
586 5021 761 5100 dissiparet,
775 5024 934 5102 proposuit
944 5024 1120 5086 antithesim
1167 5020 1287 5084 stollam
1305 5023 1464 5087 cadentem
1479 5041 1510 5089 s.
1525 5025 1701 5102 Gregoriom
1718 5041 1788 5089 esso
1804 5027 1905 5089 docet.
1932 5027 2032 5106 Siqui-

249 5109 416 5170 doctrinao
442 5103 614 5183 pontificiae
635 5111 667 5166 ει
680 5107 888 5186 evangelicae,
904 5121 962 5168 seu
976 5105 1120 5168 antichri·
1166 5102 1239 5167 dem
1253 5121 1280 5168 S.
1297 5105 1461 5186 Gregorius
1476 5109 1501 5168 si
1518 5105 1672 5169 ulla'fides
1688 5107 1842 5170 historicis
1858 5110 1964 5174 haberi
1978 5125 2031 5189 po·

247 5191 374 5253 stianao
400 5191 431 5250 ει
454 5186 658 5254 christianae.
682 5204 761 5266 quae
787 5186 951 5252 duodecim
976 5189 1122 5252 articulos
1166 5191 1239 5262 test,
1268 5201 1330 5251 non
1355 5193 1394 5253 ‹le
1409 5189 1496 5252 coelo
1511 5189 1547 5251 ad
1565 5195 1674 5252 terram
1690 5191 1811 5266 cecidit,
1828 5195 1882 5256 sed
1899 5195 1936 5256 de
1954 5199 2032 5256 terra

252 5273 347 5354 quasi
370 5271 499 5333 alterum
513 5268 686 5350 symbolum
700 5272 903 5352 apostolicum
918 5271 1121 5350 comprehen·
1169 5267 1207 5331 ad
1235 5273 1356 5334 coelum
1382 5271 1531 5336 ascendit.
1554 5270 1628 5334 llam
1643 5289 1679 5334 ex
1695 5279 1833 5352 praetore
1849 5278 2030 5350 monachus,

247 5357 307 5420 dtr,
1168 5365 1206 5414 ex
1231 5355 1381 5417 monacho
1400 5355 1566 5434 episcopus
1582 5355 1678 5418 laetus
1692 5361 1750 5431 εει,
1769 5373 1826 5420 nec
1842 5375 1976 5440 unquam
1992 5359 2030 5422 ab

295 5435 362 5500 Sed
379 5434 458 5496 haec
472 5443 539 5513 ejus
554 5433 704 5501 sententia
722 5435 826 5500 multis
839 5436 941 5499 modis
955 5435 1053 5500 reielli
1069 5452 1122 5513 po·
1168 5433 1347 5516 episcopatu
1364 5437 1401 5500 ad
1416 5445 1663 5517 praeturam,neo
1678 5455 1694 5500 a
1711 5441 1890 5507 monachatu
1907 5443 1943 5504 ad
1961 5457 2027 5504 sae·

247 5525 322 5583 ιεει.
353 5517 467 5591 Primo,
493 5517 636 5596 qnoniam
660 5517 744 5580 nullo
761 5525 836 5582 teste
852 5521 968 5581 nititur.
994 5518 1121 5582 Veteres
1167 5516 1269 5581 onium
1296 5520 1397 5583 rediit.
1424 5521 1582 5598 Quomodo
1608 5521 1856 5594 etiomBasilius,
1873 5522 2032 5586 Nouianae·

249 5603 338 5666 enim
354 5600 553 5678 interpretes.
571 5597 751 5676 uthretbos,
765 5601 856 5672 Beda,
869 5601 1046 5677 Primasius,
1060 5602 1122 5663 bn·
1167 5615 1250 5675 nus,
1268 5600 1502 5682 chrysostomus
1524 5603 1638 5683 graeci:
1655 5603 1811 5679 Martinus,
1828 5605 1983 5672 Paulinus.
2002 5611 2033 5670 et

250 5687 389 5755 seimus,
416 5682 579 5760 hupertus.
608 5689 638 5742 ει
652 5683 702 5743 aiii
718 5684 749 5744 in
766 5685 849 5746 huuc
864 5685 966 5747 loonrn
979 5701 1034 5763 per
1048 5685 1120 5746 stel·
1166 5681 1354 5760 Augustinus
1371 5685 1468 5756 latini,
1484 5703 1520 5748 ex
1535 5685 1746 5748 saecularibus
1763 5689 1955 5764 ntonaobi,cx
1972 5707 2035 5754 mo·

249 5769 313 5830 lam
330 5768 417 5829 illam
444 5783 523 5844 qoae
537 5769 576 5827 de
592 5764 679 5825 eoelu
694 5765 816 5828 cecidit.
838 5767 992 5830 diabolum
1008 5765 1120 5829 intolli-
1167 5765 1275 5828 naohis
1291 5765 1431 5846 episcopi
1446 5769 1514 5832 lacti
1531 5778 1613 5842 sunt,
1630 5783 1688 5830 neo
1704 5769 1785 5833 ullus
1808 5771 1882 5835 dixit
1897 5789 2030 5850 unquam

249 5855 342 5931 gunt,
359 5865 424 5911 non
439 5849 620 5927 episcopum
630 5845 775 5925 aliquem.
789 5850 831 5912 lie
843 5849 965 5912 diabolo
977 5848 1059 5913 enim
1074 5848 1119 5911 ci·
1164 5863 1219 5910 eos
1234 5858 1394 5928 propterea
1412 5850 1450 5914 de
1465 5851 1553 5914 coeio
1569 5849 1600 5912 in
1613 5855 1722 5914 terram
1735 5853 1899 5918 occidisse.
1912 5854 2029 5918 licinde

250 5933 335 5994 citur
350 5932 411 5993 isa.
430 5930 479 5992 ll.
497 5928 661 6006 Quomodo
675 5931 1115 6006 occidieiidecoclobuciier.
1164 5928 1328 6010 Gregorius
1353 5933 1560 6009 continentia,
1589 5933 1770 6011 sobrietate,
1798 5953 1901 5999 amore
1926 5953 2029 6001 rerum

248 6017 312 6095 qui
329 6029 432 6079 mone
452 6013 632 6076 oriebaris?
645 6010 682 6072 lit
695 6017 765 6093 qnia
782 6015 923 6078 diabulus
938 6015 1032 6077 multo
1047 6021 1118 6076 aitte
1162 6015 1342 6078 coelestium
1368 6015 1444 6084 nulii
1471 6016 1525 6078 luit
1550 6015 1718 6079 secundus:
1743 6018 1911 6083 humilitate
1927 6027 2028 6084 autern

250 6097 372 6162 cecidit
388 6113 478 6176 quam
492 6095 628 6161 loannes
642 6095 858 6180 Apocalypsim
871 6097 1031 6177 scriberet3
1047 6113 1116 6178 pro·
1160 6111 1242 6176 pene
1258 6101 1401 6164 corbibus
1417 6100 1578 6181 prucstitit3
1595 6107 1624 6163 ει
1639 6105 1741 6164 tamen
1754 6101 1845 6166 audet
1856 6101 2023 6184 Gbpiroeus
