4792 7009
428 698 483 757 tait
739 744 753 756 .
1145 700 1190 759 DE
1210 698 1308 760 l'littltl
1328 698 1384 759 ltttl

404 831 494 895 certe
508 830 559 896 ille
574 830 667 898 rerlrd
683 832 850 902 deliniti.
866 838 994 903 aderat
1008 846 1244 915 caparnaum
1282 835 1334 898 *do
1350 837 1398 899 dd
1407 836 1656 915 sapientiorem,
1668 838 1754 903 code
1768 839 1816 903 od
1829 839 2006 905 docwrern.
2020 840 2060 901 lii
2073 838 2105 901 in
2117 839 2165 905 illa
2201 843 2202 852 ’

365 914 511 977 ridentur
527 916 619 979 nohis
637 924 695 981 tarn
712 920 808 993 clara,
834 928 866 983 ut
881 936 943 981 non
969 920 1104 997 potuerit
1128 918 1244 981 elarius
1292 918 1405 980 homil.
1422 919 1454 981 3.
1469 918 1502 980 in
1519 918 1551 981 2.
1564 920 1601 984 ed
1619 921 1729 985 Thess.
1744 929 1815 1001 post
1830 923 1921 985 verbe
1937 923 2031 986 citata
2051 922 2164 985 subdit:

365 995 451 1076 loqui
467 996 694 1079 Ereugcllste’c
706 1008 735 1063 ct
751 1002 952 1084 zwinglicnis
966 1002 1111 1065 ridentur
1133 1002 1246 1062 obson-
1282 998 1521 1075 reomaense
1532 1002 1725 1080 porcariae
1737 1007 1791 1068 dic
1802 1005 2167 1086 qooaorAaaoaeaat
2201 1017 2202 1072 t

363 1090 396 1141 re
412 1084 443 1143 et
458 1080 598 1161 figurate.
615 1082 653 1145 lit
667 1082 719 1147 itia
736 1084 853 1151 ibidem
869 1084 974 1150 uuae
1000 1098 1044 1147 ero
1059 1083 1118 1147 itae
1132 1098 1244 1149 omnes
1292 1082 1569 1148 aeromaervrtoea
1590 1100 1635 1149 ne
1648 1101 1735 1166 qrace
1759 1088 1854 1150 clara
1877 1093 1966 1160 mart,
1992 1092 2031 1148 ot
2055 1088 2097 1149 dc
2120 1088 2167 1149 lete
2201 1085 2202 1126 i

364 1163 511 1227 ridentur
525 1165 700 1228 clarissime
723 1168 873 1243 elnonis,
897 1175 928 1229 et
943 1165 1127 1229 lutheranis:
1151 1171 1183 1230 et
1204 1172 1246 1227 tc·
1293 1172 1473 1245 praeerant
1488 1165 1628 1231 obscuro
1650 1170 1879 1247 paccatricis?
1903 1170 1989 1233 ttae
2014 1169 2167 1233 historiae

363 1246 1245 1331 mendiversissimeexplieentur.iiosenirecumlege·
1293 1247 1981 1332 eanttnsatptaras,dtemitaanomaee
2003 1252 2092 1315 atie.-
2112 1253 2167 1315 aad
2201 1285 2202 1290 ο

365 1344 436 1395 mus
451 1330 543 1394 llarei
563 1331 661 1395 ledi
675 1328 827 1413 biberant
844 1346 887 1395 coo
899 1332 957 1396 iilo
973 1341 1096 1403 eamme,
1110 1330 1193 1408 qood
1206 1330 1246 1391 rte
1292 1345 1364 1393 nort
1378 1332 1477 1405 dices,
1491 1337 1684 1410 procreatae
1703 1342 1782 1396 sant
1804 1337 1879 1412 iata,
1908 1340 1942 1396 et
1958 1334 2072 1397 nerim
2094 1334 2166 1396 item

368 1414 538 1478 duodecim
558 1413 729 1491 Itiseipulis
757 1414 952 1493 intelligitur,
979 1412 1168 1489 scripturam
1189 1424 1248 1489 per
1294 1414 1381 1474 corn.
1397 1411 1447 1474 ιιι.
1464 1413 1497 1475 in
1510 1413 1560 1477 Jo.
1578 1422 1683 1477 monet
1696 1416 1867 1490 auditores,
1891 1424 1924 1478 ut
1944 1422 2112 1495 antequem
2131 1415 2167 1477 ed

368 1495 560 1575 Scriptorem
577 1496 818 1575 interpretantes
834 1495 1159 1569 d'icimes,·1lomtuum
1171 1494 1247 1557 duo·
1294 1494 1480 1557 concionem
1497 1496 1633 1573 ueniant,
1651 1500 1832 1577 praelegunt
1846 1499 2027 1574 lectionem,
2049 1504 2167 1575 eaquae

368 1580 471 1643 decim
486 1576 655 1655 Discipulis
669 1576 811 1655 dixisse:
838 1576 943 1643 Bibite
967 1590 1011 1641 erc
1034 1576 1095 1641 itae
1121 1590 1245 1639 armies.
1294 1576 1428 1639 obscure
1443 1583 1528 1650 suut,
1544 1585 1664 1652 notent,
1681 1586 1745 1642 ute
1760 1580 1978 1644 concionatore
1990 1580 2167 1659 explicatio·

368 1662 515 1727 Brentins
531 1672 603 1721 rero
619 1656 651 1723 iu
668 1659 735 1721 seis
748 1658 814 1721 illis
829 1658 1063 1737 prolegomenis
1088 1657 1164 1721 dicit
1185 1657 1246 1719 ole-
1294 1674 1367 1721 nem
1383 1658 1551 1737 accipient.
1570 1659 1712 1739 lienique
1723 1661 1809 1725 hom.
1825 1663 1878 1723 tl.
1890 1660 1922 1723 in
1935 1662 1984 1725 io.
1997 1660 2167 1724 clarissime
2201 1655 2202 1660 ’

369 1744 507 1815 rissime,
535 1740 586 1803 lric
609 1740 753 1820 praecipi
774 1754 837 1802 non
865 1742 968 1803 solem
992 1740 1162 1819 apostolis,
1190 1736 1246 1801 sed
1294 1741 1399 1817 docet,
1416 1739 1591 1821 Scripturas
1606 1744 1857 1820 esseobscures,
1884 1749 2028 1825 utsupra
2054 1744 2167 1805 dictem

369 1826 460 1890 etiam
478 1824 721 1898 aiiisornnibus,
749 1826 834 1883 ulex
850 1822 949 1885 calice
976 1820 1098 1884 Domini
1125 1820 1246 1885 bibent.
1293 1828 1353 1885 eet.
1835 1838 1838 1843 ’

368 1907 408 1981 Et
423 1924 492 1969 cum
510 1907 658 1985 petimus,
683 1920 721 1967 en
740 1905 832 1967 etiarn
858 1906 989 1979 turcae,
1017 1911 1048 1965 et
1071 1902 1194 1977 iudaei,
1219 1908 1250 1964 et
1332 1903 1556 1983 Argumentum
1570 1920 1701 1969 nonum.
1728 1906 1796 1971 Hoc
1820 1914 1869 1971 est
1894 1901 2067 1972 discrimen
2093 1905 2167 1967 inter

369 1990 506 2053 inientes
520 1988 629 2049 bibere
645 1986 882 2049 debeantitem
900 2000 972 2049 rere
988 1984 1140 2067 adjicient
1165 1986 1263 2064 glon-
1293 1992 1514 2049 testamentum
1525 1995 1615 2051 rctus
1630 1996 1661 2051 et
1677 2003 1802 2064 norum,
1818 1992 1903 2069 quod
1924 1990 1954 2052 in
1970 1996 2080 2052 cetere
2094 1988 2168 2049 Scri·

370 2088 451 2146 sam,
471 2071 598 2142 Omnes,
618 2069 710 2145 idest,
728 2082 840 2133 carnee
860 2066 1102 2149 tidelmortatti.
1284 2074 1384 2147 ‘ptura
1399 2074 1466 2131 eret
1480 2068 1561 2130 liber
1576 2072 1729 2150 signatus,
1746 2076 1780 2133 ut
1794 2071 1908 2134 dicitur
1921 2071 2054 2133 len-iti.
2073 2070 2106 2130 in
2120 2086 2169 2131 no·

373 2166 375 2171 '
409 2155 638 2233 ¹Argumentum
656 2152 838 2229 septimum.
857 2150 981 2213 Sumere
1005 2150 1098 2213 toties
1112 2147 1250 2227 Scripta·
1295 2164 1333 2211 ro
1349 2155 1453 2211 eutem
1468 2159 1519 2213 est
1532 2151 1613 2213 liber
1627 2160 1767 2230 apertus,
1795 2160 1828 2214 et
1853 2154 1967 2216 dicitur
1990 2152 2119 2231 Apocel.
2139 2152 2167 2212 ⁵.

370 2254 437 2308 ree,
455 2250 534 2315 quae
550 2234 581 2295 in
599 2235 775 2311 praeceptis
789 2231 948 2312 Decelagi,
965 2231 1122 2315 Symbola,
1140 2232 1251 2293 oratic·
1296 2230 1421 2309 aperuit
1434 2233 1517 2293 enim
1533 2233 1638 2313 Agnes
1653 2236 1779 2297 eccisus
1800 2235 1927 2299 librum.
1950 2236 1987 2296 ln
2012 2234 2108 2314 cujus
2127 2233 2169 2295 rci

371 2335 414 2383 ne
429 2318 602 2387 dorninice,
630 2320 661 2377 ct
683 2314 892 2377 decrementis
918 2315 1071 2383 consistit,
1100 2313 1192 2373 hebet
1217 2312 1250 2374 ιιι
1296 2320 1525 2391 argumentum,
1541 2315 1574 2377 in
1590 2322 1688 2379 morte
1702 2318 1825 2382 tiomiei
1839 2318 1941 2382 velum
1957 2316 2082 2394 Templi
2098 2316 2170 2376 seis·

373 2398 544 2481 seripturis
560 2396 755 2477 apertissima
770 2396 960 2476 testimonic;
976 2393 1251 2478 igiturtoteScrip·
1299 2410 1368 2457 sum
1385 2395 1622 2460 colliniati.
1645 2405 1678 2460 οι
1697 2398 1897 2461 conllrmetur
1921 2416 1960 2462 cr
1983 2399 2170 2477 Hieronymo

373 2488 442 2547 lara
459 2479 655 2561 apertissima
673 2484 733 2543 cst.
1296 2475 1330 2537 lo
1346 2492 1375 2538 ο.
1391 2477 1445 2538 lt.
1461 2476 1576 2543 Ereclr.
1593 2477 1645 2541 nbi
1661 2480 1720 2543 ista
1735 2482 1801 2543 loce
1818 2480 1995 2560 Scriptores
2016 2480 2058 2542 de
2075 2479 2171 2558 ipsius

417 2562 615 2643 Respondent
629 2567 760 2640 negetur
772 2558 993 2638 consequentia
1006 2566 1037 2621 el
1049 2556 1250 2622 antecedens.
1297 2558 1476 2636 scripturae
1490 2559 1670 2625 difficaltate
1686 2569 1716 2623 et
1730 2562 1876 2626 iacilitete
1897 2563 2035 2639 exponit.

377 2644 614 2723 conseruanda-
627 2644 765 2721 quidrm,
789 2645 1053 2719 quincta-onmia
1070 2644 1173 2718 aliquo
1190 2654 1252 2701 nro·
1326 2640 1541 2717 “Respondeat
1559 2642 1728 2706 discrimen
1744 2644 1859 2707 ceteris
1872 2644 2063 2708 Testamenti
2082 2646 2173 2703 etue·

300 2732 306 2755 ‘
378 2730 418 2791 do
435 2728 472 2791 ed
490 2730 541 2790 illa
557 2725 665 2789 reduci
682 2726 816 2804 possint:
834 2731 935 2787 temen
953 2724 1019 2801 ipsa
1036 2724 1073 2785 ‘in
1090 2739 1125 2784 se
1141 2723 1253 2783 obsec·
1298 2720 1327 2783 ιι
1342 2723 1375 2783 ιιι
1390 2722 1451 2783 troc
1464 2724 1648 2800 consistere,
1665 2726 1838 2805 quodiana
1852 2718 1914 2789 non
1930 2728 2031 2801 solnm
2047 2730 2173 2787 senten

375 2812 503 2876 rls'sima
517 2814 601 2883 suut,
618 2813 653 2871 ut
667 2814 749 2887 petet
775 2806 814 2868 de
839 2807 993 2869 vaticiniis
1018 2806 1252 2884 prophetarum,
1299 2803 1360 2866 tiae
1375 2804 1612 2883 scripturarum,
1629 2808 1792 2870 sedetiam
1806 2814 1951 2889 mysteria
1974 2806 2094 2870 curisti
2116 2822 2174 2868 ooo

378 2893 419 2956 de
436 2891 571 2955 danticis
588 2884 796 2962 canticorum,
820 2888 858 2950 de
872 2885 1004 2966 epistola
1026 2887 1066 2948 ed
1089 2888 1254 2956 ilamenos,
1300 2886 1566 2963 intelligebantur,
1583 2888 1653 2964 quie
1675 2886 1778 2951 omnia
1795 2882 1873 2952 tecta
1888 2897 1976 2952 erant
1995 2888 2123 2968 figuris,
2143 2891 2172 2947 ct

378 2976 418 3037 de
434 2972 624 3055 Apocalypsi
641 2977 701 3035 etc.
718 2970 917 3034 Antecedens
932 2974 1034 3032 autem
1048 2968 1254 3040 e'ssalalsum,
1302 2972 1466 3046 propterea
1482 2969 1544 3030 ise.
1555 2969 1729 3034 indicitur
1741 2972 1983 3052 libersignetus,
1996 2979 2059 3032 tem
2075 2971 2173 3031 seien-

378 3062 464 3119 oerto
480 3056 596 3117 certius
610 3058 670 3119 est:
687 3052 814 3115 sienim
830 3060 891 3113 taur
908 3054 989 3116 clara
1004 3049 1181 3114 testimonia
1206 3064 1256 3110 er-
1303 3049 1324 3110 ti
1342 3050 1459 3122 literas,
1476 3066 1567 3129 quem
1583 3054 1749 3115 nescienti.
1765 3056 1802 3130 At
1815 3055 1949 3117 irr‘noro
1962 3056 2171 3122 iestemecto,

366 3143 499 3205 sterent
515 3138 555 3199 de
571 3136 717 3203 omnihus
733 3134 872 3196 articulis
887 3134 1032 3213 symboli,
1047 3131 1255 3209 omnibusque
1302 3130 1373 3208 quie
1389 3130 1529 3193 Christus
1550 3133 1689 3211 implerit
1710 3134 1825 3213 ligares
1846 3144 1877 3197 et
1889 3134 2096 3214 prophetias,
2119 3132 2173 3194 etsi

382 3220 605 3291 decrementis,
630 3232 739 3280 omncs
755 3216 986 3279 controversiae
1008 3212 1253 3288 essentialium
1287 3211 1387 3274 malti
1402 3214 1652 3295 uonintelligunt
1669 3219 1845 3279 sententies
1865 3219 2110 3295 scripturorum,
2132 3216 2174 3274 in·

380 3317 452 3365 eum
468 3308 570 3363 tamen
587 3300 626 3361 de
641 3298 775 3377 singulis
791 3298 929 3363 articulis
943 3296 1088 3377 symboli,
1106 3304 1137 3357 et
1148 3296 1254 3371 singu·
1286 3293 1444 3372 -tellr'gunt
1457 3302 1562 3360 tamen
1578 3298 1645 3375 ipse
1666 3302 1811 3378 mysteria
1832 3299 2059 3378 redemptionis
2085 3296 2174 3359 etiem

381 3384 422 3449 lis
438 3385 529 3447 etiam
544 3382 754 3445 sacrementis
775 3381 1007 3442 controuersiae
1029 3378 1092 3440 sint
1113 3375 1256 3455 gravissi·
1299 3375 1407 3437 rustici
1423 3383 1456 3437 et
1468 3378 1630 3441 mutieres.
1648 3378 1734 3453 Quod
1749 3388 1851 3443 eutem
1868 3396 1972 3459 noane
1985 3380 2175 3458 scripturae,

342 3536 344 3541 .
382 3480 463 3541 mee,
481 3479 539 3527 uec
555 3462 711 3526 solam‘de
726 3462 886 3524 hisrebus
900 3460 1044 3522 catholici
1061 3474 1132 3521 eum
1147 3458 1256 3520 haere·
1299 3473 1404 3536 neque
1419 3456 1626 3539 Hieronymus
1643 3463 1858 3541 loquanturde
1870 3462 2025 3539 sententia
2037 3463 2177 3537 Scripta·

377 3546 464 3624 iira's,
480 3547 536 3610 sed
553 3547 644 3609 etiam
659 3543 903 3606 hacreticlintcr
918 3558 953 3607 se
968 3542 1151 3604 dissideant.
1235 3614 1239 3621 ,
1299 3554 1364 3612 ree,
1381 3545 1466 3617 putet
1481 3548 1545 3603 tem
1560 3559 1599 3605 ex
1614 3543 1748 3622 Origene
1763 3544 1796 3606 in
1812 3542 1897 3607 nom.
1927 3546 1977 3607 ta.
2003 3546 2037 3606 in
2061 3542 2176 3614 Erod,

364 3646 370 3655 ·
425 3630 650 3709 Argumentum
678 3634 830 3689 ceterum.
856 3624 993 3687 ioannes
1019 3622 1257 3701 chrysostomus
1301 3621 1355 3685 ubi
1371 3621 1458 3695 dicit,
1472 3625 1576 3690 adhuc
1590 3639 1673 3687 nunc
1689 3640 1864 3704 csseopes,
1878 3636 1910 3687 ut
1922 3629 2030 3702 Agnes
2042 3626 2086 3689 dc
2101 3624 2178 3685 tribe

381 3712 468 3775 horn.
486 3712 517 3773 3.
534 3708 573 3772 de
588 3711 710 3783 Lazaro,
734 3706 788 3771 ubi
804 3708 951 3769 ostendit.
975 3702 1182 3782 l‘irilosuplros
1203 3702 1257 3764 oo·
1301 3704 1382 3766 iada
1397 3706 1516 3783 oporiet
1530 3707 1622 3769 nobis
1645 3708 1743 3771 libros
1766 3710 1926 3789 signatos3
1954 3716 2018 3771 tarn
2043 3724 2086 3769 ex
2115 3705 2179 3783 ipso

374 3808 477 3857 scere
493 3792 702 3871 ingeniosae
715 3790 887 3870 subjungit:
900 3788 1040 3871 Apostoli
1052 3802 1129 3849 acro
1141 3791 1169 3847 et
1181 3784 1258 3847 Pro·
1301 3785 1503 3867 Hieronymo,
1519 3786 1572 3867 qui
1590 3790 1621 3849 in
1638 3795 1730 3868 epist.
1758 3791 1796 3852 ed
1824 3791 1986 3855 Paulinum
2013 3790 2054 3851 de
2081 3789 2178 3849 instit.
2201 3795 2202 3842 t

381 3876 501 3965 phetae
516 3875 631 3937 cornia
646 3878 761 3937 contro
776 3872 923 3949 formarat
942 3871 1129 3947 manifesto.
1151 3868 1258 3929 claro·
1293 3884 1427 3932 moure.
1444 3870 1537 3943 dicit,
1550 3872 1652 3934 erllruo
1669 3872 1762 3933 trodio
1790 3887 1917 3936 maerere
1938 3874 2099 3943 retamen,
2124 3883 2182 3930 non

404 3972 446 4021 tre
458 3972 546 4039 quoe
559 3956 789 4037 prodiderant,
804 3958 1029 4034 eoepoarretntnt
1043 3948 1194 4013 omnibus
1207 3964 1259 4011 ae·
1303 3952 1405 4013 solum
1421 3951 1452 4013 in
1468 3953 1545 4014 lecie
1561 3952 1685 4033 llogsis,
1698 3954 1759 4017 scd
1771 3954 1869 4017 ‘etiam
1881 3956 1912 4017 ln
1928 3956 2007 4016 tocie
2019 3950 2183 4030 Evangeli-

382 3976 446 4105 grta·
459 4052 648 4103 commorare
661 4038 746 4101 orote
761 4037 923 4110 Doctores,
939 4040 976 4098 ut
987 4048 1049 4115 per
1069 4048 1103 4116 se
1118 4034 1258 4111 atriaque
1304 4039 1419 4096 starum
1436 4039 1467 4095 et
1480 4034 1708 4111 Apostolorum,
1735 4038 1762 4098 si
1776 4039 2017 4100 consideremus
2043 4034 2182 4110 Scripto-
2201 4089 2202 4092 ,

386 4122 686 4202 discereposcr'teo,
703 4134 789 4201 pace
805 4115 973 4193 dicantur,
998 4114 1096 4179 ceola
1111 4114 1259 4177 lectione.
1304 4132 1409 4178 rerern
1437 4116 1659 4192 diiileultatern,
1688 4124 1908 4197 etproptoree
1934 4118 2088 4182 orandum
2116 4129 2183 4176 cnm

365 4206 461 4272 ‘item
476 4206 563 4268 horu.
581 4202 612 4266 3.
629 4202 661 4264 ιο
677 4204 708 4265 2.
722 4202 759 4263 nd
783 4200 1094 4281 Thessalonicenses:
1122 4194 1261 4272 Ωιιοοοο-
1304 4199 1467 4275 Propheta:
1484 4194 1602 4261 Reunia
1614 4201 1723 4263 oculor
1736 4216 1836 4276 mcor,
1851 4208 1880 4263 ct
1891 4197 2113 4266 mretderooo
2125 4196 2183 4258 nri·
2201 4225 2202 4230 ο

385 4287 484 4361 ιιιοοι,
501 4286 614 4364 ιοοοιι,
629 4280 710 4367 apres
723 4288 769 4347 est
780 4283 1029 4361 concionatore?
1042 4280 1157 4342 ornata
1169 4279 1263 4340 claro
1303 4280 1679 4359 ratriitndeicgotrra.⁴
1723 4315 1728 4331 ·
1842 4320 1873 4332 .,

385 4373 475 4439 sant,
493 4374 522 4430 et
535 4368 642 4444 plana
667 4384 710 4432 coc
733 4364 910 4444 Scriptores
936 4364 1077 4426 diuinis:
1101 4362 1160 4424 eod
1179 4360 1262 4441 qaia
1347 4364 1569 4448 Argumentum
1584 4364 1739 4445 decimam
1754 4366 1914 4446 propriam
1927 4362 2065 4426 Lutlreri.
2079 4361 2202 4422 Patrrsr

370 4451 558 4514 dciieettrii
593 4448 665 4511 estis
701 4450 904 4522 auditore&
928 4446 1176 4509 delectationem
1203 4455 1262 4503 aa·
1307 4443 2023 4527 probantsccteutiassurisexScripturasscd
2045 4459 2113 4505 non
2136 4442 2202 4501 deu

387 4532 511 4596 dando
528 4536 697 4606 cenantes,
711 4522 888 4615 propeterea
903 4528 1148 4591 concionatores
1163 4538 1262 4612 patoe-
1307 4528 1362 4589 bet
1375 4524 1500 4602 probari
1516 4527 1597 4602 quod
1614 4530 1718 4590 notius
1733 4534 1783 4590 est
1797 4545 1836 4591 ee
1850 4531 1953 4593 minus
1970 4535 2065 4602 notor
2093 4523 2186 4603 igitur
2201 4587 2202 4592 ,

372 4614 493 4679 adim„
549 4642 552 4649 ·
701 4644 703 4649 .
757 4637 786 4646 ·‹
1060 4628 1094 4651 -.
1172 4614 1215 4686 sp
1289 4605 1749 4686 scripturecsuntelaieres,
1773 4625 1866 4691 qnam
1889 4606 2116 4685 commentaria
2136 4605 2186 4665 Po·

430 4692 628 4775 despondeo:
646 4690 885 4773 Chrysestomus
907 4691 945 4753 ed
961 4686 1186 4754 excutiendum
1203 4692 1264 4749 tor·
1306 4697 1400 4753 trern.
1973 4723 1980 4739 .

387 4778 496 4857 potem
514 4778 692 4851 maltorum,
717 4774 769 4853 qui
786 4780 926 4851 possent,
951 4775 977 4833 si
999 4774 1126 4855 ¹nollent,
1151 4784 1262 4849 magno
1289 4799 1297 4811 ·
1325 4770 1554 4849 'tlcspondeor
1570 4772 1682 4833 mirum
1698 4769 1757 4841 esi,
1771 4776 1831 4835 car
1854 4772 2022 4843 Lntlrerns,
2047 4771 2104 4848 qui
2125 4774 2183 4828 tam

370 4874 459 4923 'cam
475 4860 576 4923 iruelu
591 4858 767 4937 Scripturas
782 4857 898 4933 legere,
927 4855 990 4915 illis
1017 4850 1265 4933 amplificationi«
1307 4870 1404 4931 saepe
1416 4854 1573 4933 sophistas
1586 4857 1798 4932 reprehendit,
1814 4871 1896 4917 nurrc
1909 4856 2084 4934 sophistem
2096 4863 2185 4929 egere

386 4940 508 5015 basuli
525 4944 618 5004 solet.
636 4939 707 5002 iiam
724 4938 839 5017 alioqui
854 4938 886 4998 in
902 4937 1013 4999 iisdem
1030 4938 1107 4998 locis
1122 4934 1262 5005 aillrmat,
1290 4952 1371 4999 nou
1387 4941 1540 4997 vereatur.
1558 4935 1633 4997 curn
1649 4937 1733 4998 enirn
1748 4938 1929 5015 philosophi
1944 4938 2067 5010 dicunt,
2084 4936 2185 4995 minus

371 5022 568 5103 ‘Scripturas
583 5037 655 5085 esse
671 5021 826 5089 difficiles.
852 5018 887 5083 ln
915 5020 1000 5079 leone.
1027 5018 1058 5083 3.
1085 5018 1124 5079 de
1137 5010 1262 5087 Lazaro,
1310 5026 1418 5080 nutum
1441 5018 1592 5095 armagis
1618 5026 1691 5079 nuto
1716 5020 1910 5096 probandum
1936 5034 2023 5086 esse,
2053 5031 2116 5078 oon
2143 5013 2184 5073 lo

391 5112 463 5171 anic
477 5105 570 5167 rerba
586 5106 686 5177 citata,
703 5104 817 5167 sicililt
837 5100 921 5177 Quia
935 5102 1049 5177 tpttra,
1066 5098 1265 5175 inquient-rt
1292 5106 1446 5180 acuetur
1461 5095 1500 5161 de
1516 5100 1622 5161 notitia
1637 5101 1813 5173 corborum,
1830 5118 1910 5179 qaae
1922 5103 1952 5162 in
1967 5095 2187 5179 perspicuitate

387 5204 460 5261 noro
472 5186 703 5265 intelligamus
714 5200 765 5255 ea,
783 5200 868 5263 artae
883 5184 1145 5249 corrtirrcntr'artn
1157 5174 1266 5252 libris?
1291 5182 1484 5244 sententiae
1495 5181 1648 5256 consistit,
1659 5178 2186 5260 quemadmodamdicimusmotio·

389 5270 537 5335 liaciano
552 5268 686 5348 quidem
702 5270 802 5331 etienr
816 5270 846 5329 st
858 5282 928 5329 nun
942 5266 1105 5344 irrtotligoe
1125 5262 1195 5327 attic
1216 5276 1266 5325 re·
1309 5280 1374 5327 rem
1389 5278 1474 5332 esse,
1491 5262 1583 5333 idest,
1599 5264 1768 5325 faciliorem
1784 5270 1817 5326 et
1828 5266 1989 5326 electorem
2001 5263 2186 5323 sententiam

390 5352 808 5429 condita,·tarncn'emipeo
830 5351 966 5411 lectione
988 5350 1094 5411 rantra
1114 5347 1266 5409 nascitur
1312 5346 1482 5423 properium,
1500 5360 1591 5421 quam
1606 5345 1787 5425 figuratam
1805 5347 1915 5426 sedda
1931 5345 2040 5407 notitia
2056 5341 2192 5404 recitatis

390 5436 626 5500 sanctimonio.
642 5434 679 5494 ut
692 5432 769 5495 ιοιιο
784 5436 923 5505 reseretur,
934 5446 980 5504 se,
992 5448 1061 5492 curn
1078 5428 1152 5490 dicit
1163 5427 1265 5504 Scrip·
1311 5429 1369 5496 rei,
1386 5442 1466 5503 ‹rnac
1476 5427 1509 5485 in
1523 5442 1561 5487 oo
1574 5428 1739 5503 positaest,
1752 5433 1788 5489 ut
1798 5424 2051 5506 duisllnrelligat,
2066 5426 2097 5487 id
2111 5421 2193 5500 quod

391 5514 474 5579 teras
490 5522 560 5580 es'se
575 5517 695 5589 luciles,
713 5515 798 5594 loqui
820 5514 922 5575 solum
945 5514 984 5574 de
999 5510 1147 5587 lrisloriis,
1172 5516 1203 5570 et
1224 5510 1266 5570 si·
1293 5510 1517 5571 ·riicitur·esse
1539 5524 1657 5571 rerum.
1681 5510 1831 5587 Exemplo
1853 5510 1919 5573 sint
1940 5516 2047 5572 motas
2071 5513 2102 5568 ct
2124 5506 2195 5564 rite.

392 5598 519 5662 milibus
535 5598 643 5677 rebus,
671 5616 707 5661 ac
723 5614 762 5660 ne
788 5597 844 5658 ista
872 5594 998 5675 quidem
1024 5608 1095 5655 csso
1121 5592 1267 5653 omnibus
1313 5593 1386 5651 ιιοιιι
1412 5591 1438 5650 si
1456 5590 1544 5650 verbe
1573 5593 1735 5668 respicies.
1763 5607 1862 5671 oeque
1888 5591 1985 5655 icelle
2016 5588 2202 5665 intelligitur

394 5680 477 5743 clara
493 5685 523 5743 et
536 5680 651 5743 incilia:
671 5680 780 5755 Same,
798 5678 910 5755 inquil,
938 5676 1060 5739 librare
1082 5676 1120 5737 irc
1135 5688 1267 5747 morcaro,
1312 5675 1388 5734 haec
1404 5673 1557 5732 sententie
1574 5673 1668 5735 nomo
1683 5674 1879 5752 studeatque
1901 5676 1959 5735 ista
1977 5675 2202 5736 itoorontore·

377 5760 462 5841 'lege
477 5761 649 5843 historicae
664 5778 804 5835 orooro-m,
823 5768 851 5822 et
866 5776 951 5839 qaae
965 5767 1044 5821 aeto
1059 5766 1135 5819 sant
1149 5770 1268 5818 momo-
1294 5762 1375 5817 tar.
1393 5754 1429 5814 lit
1445 5762 1547 5816 tamea
1560 5757 1644 5833 qood
1659 5756 1698 5817 ad
1715 5757 1852 5820 notitiem
1866 5754 1976 5819 attinet
1989 5753 2132 5816 recitatis
2145 5754 2199 5820 rei,

376 5844 447 5907 'ria
462 5850 584 5912 teneas,
601 5848 630 5905 et
644 5860 728 5921 qrroe
745 5845 983 5913 oiscrtrosarrt,
996 5848 1183 5920 proceraeque
1197 5851 1268 5899 raa·
1291 5838 1514 5912 meamea,
1539 5838 1701 5898 nucerinum
1729 5841 1867 5915 mereri,
1892 5852 1986 5915 quem
2010 5836 2138 5898 ninere.
2160 5832 2202 5893 lte

393 5926 524 6005 reitesta,
541 5924 909 6005 ir·eqrrcrrterpercrrrre.
930 5919 1270 5999 Quodsinonpoteris
1314 5918 1408 6001 igitur
1435 5918 1541 5980 Patres
1570 5920 1740 5979 sententias
1762 5937 1835 5982 suas
1858 5919 2088 5994 scripturaram
2114 5917 2197 5977 testi·

394 6009 588 6074 assiduitate
604 6006 750 6071 iectionis
764 6008 913 6073 inuenire
930 6007 1017 6088 parad
1033 6004 1165 6079 dicitur,
1180 6016 1270 6063 aece-
1294 6001 1428 6063 moniis
1452 6001 1645 6077 confirmant,
1674 6000 1745 6078 quie
1774 6004 1878 6066 erarius
1904 6010 1963 6077 ast,
1991 6015 2102 6063 aeram
2126 6014 2194 6063 esec
