4792 7009
354 776 356 783 γ
447 700 500 761 ns
759 766 765 780 ,
1067 743 1069 747 .
1127 696 1171 757 aa
1189 697 1298 759 veneo
1317 694 1376 755 aar

373 836 444 903 lton
457 836 544 899 euim
555 848 615 915 per
629 834 721 913 alios,
736 833 845 917 inanit,
875 832 1116 915 dispositionem
1139 832 1228 896 sala
1275 832 1400 911 lluud03
1418 848 1521 898 reram
1534 836 1591 911 est,
1608 836 1639 897 et
1653 836 1830 899 nonaoutra
1843 832 2046 915 traditiones,
2064 837 2140 918 quia

371 922 412 983 tis
426 919 644 999 cognoramus,
662 934 763 1000 qaam
775 936 834 999 per
854 934 917 994 eos,
932 934 992 997 per
1017 932 1096 998 quos
1121 914 1229 980 boon·
1275 931 1336 977 nou
1350 918 1601 994 praedicaverunt
1615 918 1737 998 pupulis
1752 918 1866 995 omnia,
1891 921 1947 984 sed
1977 922 2083 984 solam
2100 939 2138 986 aa

370 1003 648 1081 oet-ianrperoouit
662 1004 788 1065 nouos:
803 1002 1034 1083 quodquidam
1048 1006 1228 1077 tuueprae·
1274 1015 1353 1076 qrrae
1369 1000 1430 1061 iliis
1447 1002 1633 1071 necessaria,
1650 1002 1697 1063 rel
1713 1001 1904 1078 utiliaerant,
1918 1011 2038 1067 caetera
2048 1020 2139 1070 seor·

371 1087 596 1159 coniecerunt,
606 1091 719 1163 postca
731 1100 806 1148 acro
820 1101 879 1163 per
905 1084 963 1145 Dei
982 1082 1179 1144 coloratorum
1191 1082 1230 1145 iu
1274 1082 1332 1141 sim
1349 1082 1581 1159 perfectioribus
1594 1083 1793 1147 tradiderunt.

372 1167 548 1247 scripturis
562 1166 654 1229 nobis
671 1167 890 1238 tradiderant,
917 1165 1170 1251 laudamentum
1198 1168 1230 1226 ct
1313 1162 1456 1252 Secundo
1472 1166 1586 1244 profert
1600 1164 1764 1246 origenem
1779 1169 1810 1230 iu
1824 1167 1926 1248 capi.
1944 1168 1982 1230 ad
1995 1168 2082 1232 hom.
2095 1170 2129 1235 ia

372 1252 560 1313 calurunorn
572 1248 666 1312 Eidci
678 1257 808 1313 nostrae
818 1250 977 1327 titt-arom.
995 1246 1106 1309 Eadem
1123 1247 1227 1325 igitur,
1273 1242 1376 1321 llatth,
1394 1247 1500 1310 homil.
1517 1248 1568 1310 25.
1585 1246 1616 1309 iu
1632 1247 1786 1312 Eaealriel.
1800 1250 1976 1314 homii.l.in
1988 1250 2124 1331 Hieram,

368 1332 470 1413 inquit
495 1331 692 1409 llemnitins,
718 1332 912 1413 scripserunt
939 1330 1040 1391 amnia
1069 1328 1226 1409 Apostoli,
1273 1326 1397 1390 buoni.
1416 1331 1466 1391 abi
1483 1331 1724 1409 dieit,oportarc
1741 1350 1797 1394 nos
1825 1332 1865 1397 de
1892 1334 1988 1396 rebus
2015 1334 2126 1400 (lirinis

370 1432 451 1496 quaa
468 1417 719 1495 praedicaverunt
733 1413 798 1477 riou
812 1429 900 1477 voce.
1272 1411 1429 1491 conloqui
1446 1429 1483 1475 ex
1498 1414 1620 1493 proprio
1632 1428 1740 1489 sensa,
1755 1416 1810 1477 sed
1824 1415 1925 1478 brunia
1945 1416 2126 1483 conlirmare

410 1498 604 1581 llespoudeo:
620 1496 781 1559 Irenaeum
802 1512 864 1559 non
878 1494 981 1559 dicere
1003 1492 1080 1555 nihil
1096 1492 1177 1555 aliud
1190 1492 1228 1556 h·
1273 1492 1447 1569 Scriptaroe
1463 1495 1658 1564 testimoniis,
1674 1495 1803 1559 Necesse
1827 1496 1920 1561 nobis
1945 1506 1992 1561 cat
2014 1502 2125 1578 innuit,

366 1582 506 1657 postolos
531 1580 769 1659 praedicaris-se,
796 1594 887 1660 qoam
917 1578 998 1658 qood
1023 1575 1226 1657 scripserunt:
1273 1571 1456 1653 Scripturas
1467 1583 1596 1641 saintes
1609 1578 1647 1640 in
1661 1580 1880 1644 testimoniam
1902 1596 2030 1647 uocare.
2049 1583 2129 1646 Scu-

365 1662 423 1724 sed
438 1663 537 1725 sulum
554 1662 717 1740 scripsisse
734 1660 1027 1741 Evangeliom,qaad
1040 1668 1127 1723 autea
1141 1676 1228 1738 prae·
1271 1671 1326 1719 sas
1341 1659 1461 1738 quippe
1475 1661 1589 1731 nostri,
1606 1667 1636 1723 ct
1648 1664 1873 1727 enarrationes
1884 1665 1956 1728 sinc
1980 1665 2030 1728 lu's
2045 1668 2130 1729 testi·

365 1742 1226 1823 circuieruntquooestuoron,otnoncontinuasset,
1272 1736 1330 1801 bers
1343 1737 1660 1821 noaltabcntfidcnr.
1702 1742 2132 1827 aespouoeozroqonororr·

367 1826 428 1889 etsi
443 1828 561 1889 diceret
583 1826 741 1902 irenaeus,
756 1826 920 1907 Apostolos
935 1829 1037 1888 omnia
1065 1825 1228 1904 scripsisse
1271 1839 1369 1901 gerres
1382 1825 1420 1885 de
1433 1825 1663 1889 obscurissimis
1688 1828 1934 1906 quaestionibus,
1974 1832 2085 1907 quates
2100 1838 2134 1894 ιιι

368 1925 448 1989 quae
464 1910 727 1989 praedicaverant,
746 1910 822 1971 urtril
838 1913 956 1971 diceret
983 1908 1130 1971 adversus
1156 1923 1227 1971 sert·
1271 1906 1436 1982 plurimam
1449 1925 1508 1971 nvn
1524 1909 1776 1989 malilitiam
1791 1909 1998 1974 testimonium
2013 1912 2132 1977 habent

363 1993 491 2053 tentiam
506 2000 655 2055 nostram.
672 1992 749 2054 Sunt
761 1994 843 2055 enim
856 1993 916 2054 duo
929 1990 1093 2071 diligenter
1121 1998 1228 2053 notan·
1270 1988 1440 2051 traditionis
1456 1990 1487 2051 iu
1503 1997 1565 2053 tota
1577 1990 1715 2054 Ecclesia
1730 2000 1886 2072 receptae.
1900 1994 2021 2075 Alioqui
2045 1998 2131 2060 enim

364 2076 414 2148 tta,
435 2082 497 2137 tum
511 2076 547 2137 ad
564 2076 647 2138 hanc
664 2074 764 2137 lucum
781 2072 913 2151 irenaei,
928 2079 993 2136 tom
1007 2074 1045 2136 ad
1061 2072 1119 2135 alia
1133 2074 1228 2137 malta
1270 2071 1385 2133 diserte
1399 2072 1510 2143 asserii
1521 2072 1673 2154 Origenes
1687 2074 1771 2137 hom.
1787 2072 1819 2138 5.
1836 2077 1866 2138 io
1879 2075 1968 2139 Num.
1997 2078 2132 2157 plurima

275 2234 278 2239 ¹
364 2157 496 2220 aliorum
510 2156 654 2221 Veterum
664 2156 877 2237 intelligenda.
1270 2151 1303 2213 ia
1315 2152 1454 2217 Ecclesia
1469 2157 1593 2231 serrari,
1611 2158 1689 2219 etab
1702 2158 1846 2221 omnibns
1860 2162 2040 2223 necessario
2065 2177 2131 2224 ser·

405 2240 540 2303 Primum
553 2240 767 2320 est,qaaedom
783 2244 813 2303 in
830 2237 969 2303 doctrina
985 2236 1225 2302 Christianatam
1270 2237 1366 2296 raada
1383 2252 1466 2312 esse,
1480 2253 1550 2299 enm
1567 2240 1649 2301 nulla
1665 2247 1785 2303 exstent
1796 2241 1836 2304 dc
1851 2241 1913 2303 illis
1941 2244 2130 2309 testimonia.

362 2320 460 2399 Fidei,
478 2340 568 2403 qaam
584 2340 713 2400 urorum,
730 2338 802 2386 esse
817 2320 998 2401 simplicitet
1013 2319 1156 2385 omuibus
1173 2337 1226 2385 ne·
1310 2318 1411 2381 lertio
1426 2322 1567 2397 producit
1579 2321 1610 2383 in
1623 2328 1731 2386 testem
1745 2322 1980 2387 Constantinum
1993 2324 2130 2405 Impera·

364 2408 500 2469 cessaria
513 2408 550 2468 ad
566 2408 708 2479 salutern,
723 2404 822 2485 qualis
837 2411 884 2467 est
897 2404 1004 2466 notitia
1028 2404 1226 2467 articulorum
1268 2403 1380 2474 lavem,
1397 2405 1449 2480 tivi
1463 2405 1493 2463 111
1510 2402 1646 2466 Concilio
1658 2400 1804 2476 Niaavvo.
1833 2412 1910 2469 lesia
1934 2405 2131 2473 Theodoreio

365 2488 502 2569 syruboli
517 2490 695 2567 apiostoliei:
712 2490 785 2553 item
800 2486 933 2569 cognitio
955 2488 1062 2549 decem
1079 2502 1226 2567 praecep·
1268 2480 1324 2544 lb.
1339 2485 1368 2546 l.
1384 2500 1452 2563 cap.
1470 2485 1548 2548 lsic
1559 2486 1848 2566 ai13Eucrapciiaict
1861 2490 2130 2568 Apostolicilibri,

364 2578 478 2644 taram,
509 2573 771 2635 etnormnllorum
797 2570 1073 2633 sacramentorum.
1101 2568 1226 2632 Caetera
1267 2580 1397 2629 rrccnou
1408 2568 1619 2649 antiquorum
1632 2570 1866 2650 Prophetarum
1880 2573 2018 2635 cruento
2030 2574 2133 2652 pleae
2200 2605 2201 2624 2

363 2668 428 2715 nou
444 2657 483 2716 ita
498 2656 674 2717 necessaria
689 2661 772 2729 suut,
802 2660 835 2716 ut
859 2651 928 2715 sina
948 2668 1054 2715 earam
1083 2651 1225 2731 explicita
1267 2649 1504 2712 instimulatione
1516 2666 1615 2714 seusa
1627 2656 1786 2717 nuuriais·
1800 2651 1941 2717 Proinde
1951 2655 2063 2719 hostili
2073 2672 2133 2735 po·

364 2736 473 2799 notitia
488 2742 520 2799 et
534 2736 609 2799 Fide
622 2737 816 2817 professione
831 2737 923 2797 bono
938 2734 1046 2797 salvari
1076 2750 1139 2796 non
1155 2752 1227 2815 pos·
1267 2732 1331 2793 sita
1345 2732 1521 2810 dhcardiu,
1537 2748 1704 2799 samninus
1725 2752 1769 2800 ca
1781 2736 1885 2800 uerbis
1897 2738 2056 2801 diuinitas
2079 2740 2132 2803 ia·

363 2820 414 2895 sit,
433 2820 523 2881 modo
538 2826 707 2899 promptam
727 2818 839 2882 habeat
852 2818 1038 2880 voluntatem
1062 2832 1097 2878 aa
1126 2819 1224 2880 sosoi·
1267 2814 1411 2892 spiratis,
1425 2817 1654 2895 quaestionum
1673 2819 1917 2900 eapticortouoa.
1929 2820 2131 2900 Respondeat

362 2900 482 2980 piandi,
496 2909 528 2965 et
542 2902 701 2977 credendi,
717 2901 840 2981 quando
859 2899 920 2964 sibi
934 2900 1048 2964 luerint
1075 2900 1225 2981 legittime
1268 2912 1330 2959 non
1343 2914 1414 2961 esse
1436 2901 1496 2961 boa
1511 2902 1718 2964 testimonium
1732 2905 1803 2964 tanb
1820 2903 2007 2977 laciendum,
2021 2906 2131 2983 quanti

362 2998 420 3063 per
435 2982 605 3049 Ecclesiam
620 2982 792 3064 proposita?
1269 2978 1411 3042 Calvinus
1422 2980 1632 3045 etllemuitias
1646 2985 1721 3048 illud
1734 2984 1860 3047 iaciunt.
1874 2983 1943 3047 Erat
1954 2983 2039 3048 enim
2052 2985 2132 3050 coo·

366 3062 384 3093 ·’
403 3066 487 3130 llaec
506 3068 662 3131 distinctio
678 3084 716 3130 ea
731 3082 768 3130 eo
784 3064 951 3145 colligitur,
967 3062 1050 3146 qaod
1079 3064 1148 3127 sine
1168 3080 1224 3129 no·
1268 3061 1421 3125 staulinus
1433 3063 1559 3142 blaguus
1584 3064 1762 3146 Imperator,
1779 3068 1835 3131 scd
1848 3083 1908 3130 aon
1921 3084 2054 3147 maguus
2074 3068 2132 3133 Ec·

362 3148 489 3227 iiliu,et
512 3150 585 3214 Fide
598 3150 810 3232 mysteriorum
833 3148 920 3228 primi
937 3146 1072 3243 generis³
1089 3163 1180 3210 nemo
1191 3166 1224 3211 a·
1267 3145 1381 3208 etesiae
1395 3145 1516 3223 hoctor,
1546 3149 1724 3227 praesertim
1739 3166 1809 3213 earn
1821 3152 1992 3215 secandam
2010 3151 2133 3231 opinio·

362 3232 466 3294 dolius
477 3232 647 3296 admittitor
660 3230 975 3311 adliaptismnmzsiue
987 3232 1092 3293 notitia
1106 3237 1221 3311 autem,
1267 3242 1340 3288 nem
1355 3244 1501 3291 uovorum
1517 3231 1740 3295 baereticorum
1755 3240 1786 3296 et
1799 3233 1993 3313 antiquorum
2005 3234 2135 3298 Ariano-

362 3320 394 3376 'et
407 3314 483 3379 Fide
498 3316 606 3379 saltem
622 3316 764 3395 explicita
780 3314 982 3393 posteriorum
999 3312 1153 3377 ordinarie
1169 3316 1222 3376 ad·
1265 3325 1345 3381 ram,
1359 3308 1575 3376 Constantinus
1590 3330 1627 3377 eo
1643 3321 1780 3395 tempore
1795 3316 1933 3379 nondum
1946 3316 2038 3379 luerit
2055 3316 2132 3398 bap·

363 3396 534 3461 mittantur:
554 3401 613 3461 het.
630 3398 661 3461 2.
675 3403 745 3477 post
759 3414 853 3458 unam
866 3396 943 3458 Petri
958 3410 1146 3468 sermonem,
1161 3413 1223 3477 qun
1268 3392 1378 3455 litatus
1395 3400 1425 3455 at
1437 3394 1567 3473 proinde
1583 3414 1644 3459 uon
1660 3398 1779 3461 noverit
1793 3414 1901 3460 arcana
1913 3398 2087 3479 religionis.

347 3480 510 3543 -dacuerat
524 3480 689 3560 praecipua
706 3480 802 3559 capita
815 3478 901 3541 Fidei
917 3482 956 3541 de
969 3478 1102 3553 Christo,
1125 3479 1221 3559 bapti·
1309 3473 1370 3537 Sed
1385 3477 1520 3539 admissa
1535 3480 1714 3543 auctoritate
1729 3480 1931 3553 Constantini,
1962 3484 2044 3543 dieo:
2076 3497 2130 3544 eo·

364 3564 421 3624 zati
437 3569 509 3625 suat
524 3579 584 3625 ana
600 3564 650 3625 die
662 3564 804 3625 homines
819 3563 856 3625 ad
873 3563 927 3623 tria
945 3562 1051 3637 millia,
1078 3564 1129 3643 qai
1152 3565 1222 3626 siaa
1266 3572 1335 3618 tvm
1349 3558 1485 3621 omnium
1501 3562 1688 3641 dogmatum,
1705 3580 1784 3645 qnae
1796 3564 1834 3626 ad
1847 3573 1982 3626 naturam
1995 3562 2051 3626 liei
2059 3580 2132 3644 per·

362 3644 458 3708 dubio
471 3647 547 3707 nibil
562 3646 644 3709 aliud
661 3650 818 3717 noverant,
834 3644 894 3706 nisi
911 3644 961 3706 ilia
989 3644 1174 3720 necessaria,
1191 3652 1223 3709 et
1267 3639 1375 3713 11111111,
1393 3647 1495 3705 ellare
1522 3644 1554 3705 in
1581 3646 1745 3725 Savipluvis
1767 3648 1953 3723 testimonia,
1978 3653 2010 3709 el
2032 3662 2130 3727 possa

361 3728 433 3790 ideo
448 3728 600 3801 subditur,
617 3730 699 3807 quod
716 3734 785 3807 post
799 3728 987 3805 liaptismum
1014 3732 1100 3790 erant
1114 3744 1221 3807 perse·
1268 3736 1326 3785 aas
1344 3726 1424 3786 circa
1446 3742 1483 3788 ea
1504 3724 1645 3806 dogmata
1673 3729 1765 3808 piene
1786 3733 1819 3793 et
1843 3728 1934 3809 plane
1955 3728 2068 3792 instrui
2088 3744 2133 3795 ex

362 3816 503 3873 verantes
517 3810 550 3873 in
563 3811 700 3874 doctrina
713 3812 939 3889 apostotorum,
957 3810 1048 3879 idest,
1062 3810 1224 3873 discebant
1269 3803 1446 3884 Scripturis,
1460 3807 1486 3870 si
1499 3824 1553 3872 eas
1569 3817 1651 3873 recte
1665 3809 1888 3891 intelligamos;
1910 3828 2016 3875 veram
2027 3818 2133 3876 tamea

360 3909 439 3973 quae
456 3894 589 3956 nondam
605 3893 765 3955 audierant
789 3894 829 3955 de
845 3894 999 3973 mysteriis
1029 3891 1222 3957 tirristiants.
1270 3903 1399 3949 sensum
1414 3889 1638 3969 Scripturarum
1654 3894 1790 3972 pendere
1811 3909 1850 3957 ex
1870 3892 2046 3959 Traditione
2073 3895 2131 3958 Ea·

363 3974 414 4038 Sic
424 3976 533 4039 Paulus
549 3994 618 4039 curn
631 3975 929 4038 Thessalonicenses
946 3977 976 4037 iu
990 3990 1118 4038 numero
1128 3975 1223 4037 Sanc·
1268 3970 1384 4032 clasiae
1411 3988 1472 4035 noa
1493 3977 1618 4053 scripta.
1642 3976 1790 4049 Quocirca
1816 3976 2053 4051 Titeodoreias,
2075 3976 2132 4057 qai
2200 3989 2201 4056 t

361 4064 461 4120 taram
479 4062 618 4135 baberet,
635 4066 666 4121 ct
679 4058 786 4121 Eidem
797 4064 893 4137 atque
908 4058 1086 4121 alienitatem
1114 4074 1222 4121 eoram
1267 4051 1390 4115 libi-v·
1405 4052 1435 4116 i·
1452 4064 1624 4120 narraverat
1645 4060 1725 4121 hana
1740 4058 1908 4123 avallonem
1926 4058 2131 4133 00151111111,
2200 4075 2201 4086 ’

360 4140 447 4203 miris
459 4142 600 4205 laudibus
616 4142 785 4216 extolleret,
799 4148 901 4208 tamen
919 4142 947 4204 l.
961 4140 1071 4204 Thess.
1088 4140 1118 4204 3.
1133 4140 1219 4203 dicit:
1268 4132 1350 4197 idem
1361 4151 1430 4215 aap.
1445 4137 1476 4201 8.
1491 4141 1594 4218 reteri,
1612 4142 1744 4219 prolatas
1758 4141 1854 4205 luisse
1870 4142 2012 4222 utrinque
2024 4144 2128 4223 Sarip-

362 4222 544 4297 orantisne
557 4226 721 4287 oiocuuaas
734 4222 853 4301 faciens
866 4230 1049 4303 adstrueret
1062 4224 1222 4304 complen-
1269 4222 1364 4294 taras,
1382 4227 1412 4281 et
1425 4236 1496 4282 eam
1510 4237 1548 4284 er
1563 4224 1601 4285 iis
1617 4240 1677 4286 uon
1692 4226 1947 4288 convincerentur
1957 4224 2072 4301 Ariani,
2089 4243 2130 4289 ea

360 4322 526 4386 musqueto
539 4309 655 4372 ousion
666 4307 761 4371 Fidei
771 4312 906 4370 oestron.
1267 4301 1349 4378 qaod
1365 4304 1490 4365 easdem
1506 4304 1678 4385 Scripturas
1692 4305 1781 4370 aliter
1803 4315 2006 4387 exponerent,
2036 4325 2131 4387 quam

400 4389 472 4451 liuta
488 4390 643 4465 Secundo,
660 4405 695 4451 ea
710 4406 789 4468 quae
801 4395 873 4453 suut
883 4388 1066 4467 simpliciter
1077 4402 1221 4451 necessa·
1268 4380 1428 4476 Catholici,
1444 4386 1604 4451 damnatos
1618 4404 1672 4451 cos
1688 4388 1783 4452 tuisse
1795 4406 1833 4453 ex
1846 4391 2043 4453 serinonibas
2066 4408 2130 4453 aaa

359 4466 416 4545 ria,
446 4472 605 4549 tpostotos
630 4470 830 4535 consuevisse
859 4472 1003 4534 omuibus
1030 4470 1220 4550 praedicare:
1267 4468 1401 4543 seraptis,
1418 4474 1469 4547 pie
1484 4475 1584 4533 tamen
1599 4470 1775 4548 intellectis3
1788 4474 1837 4535 cui
1853 4471 2038 4535 damnationi
2051 4470 2131 4536 Con·

359 4550 491 4614 atior-um
506 4558 606 4615 autam
622 4568 685 4614 aon
700 4554 802 4615 amaia
816 4554 971 4629 omnibus,
988 4554 1043 4616 sed
1070 4554 1220 4631 quaedam
1267 4550 1434 4612 staminum
1450 4567 1611 4615 assensum
1625 4568 1802 4627 csse,uemo
1817 4572 1951 4637 utiquam
1966 4556 2128 4619 dubitarit.

359 4634 599 4713 otuuibnsouae
612 4634 754 4697 nimirum
770 4638 914 4699 omnibus
929 4636 1013 4699 utilia
1027 4642 1220 4713 urantooae·
1304 4628 1419 4696 Profert
1430 4637 1803 4717 qurirtuhthanasiumoui
1818 4639 1849 4699 in
1866 4636 2128 4701 orotaootdeot.

359 4715 428 4779 dam
444 4716 519 4779 solis
535 4718 691 4793 Praelatis,
708 4716 882 4799 Episcopis,
914 4724 944 4781 et
969 4718 1169 4799 Presbytero,
1186 4724 1219 4781 ut
1263 4710 1296 4772 in
1312 4713 1379 4791 ipso
1394 4716 1492 4794 initi03
1510 4717 1750 4799 Sufficiantper
1775 4735 1809 4783 se
1830 4720 1940 4800 inquil.
1954 4735 2070 4783 abarae
2086 4736 2128 4784 aa

359 4797 398 4863 de
413 4800 530 4863 ratione
545 4800 763 4881 gubernandae
779 4800 998 4876 Ecclesiaste
1013 4802 1219 4863 sacramentis
1263 4794 1420 4860 diuinitas
1447 4801 1627 4880 inspiratae
1656 4801 1843 4881 scripturae
1863 4804 1909 4865 ad·
1929 4817 2057 4865 carucae
2071 4802 2125 4866 in·

358 4882 621 4960 administrandis,
638 4883 677 4946 de
689 4882 867 4947 relelleudis
882 4883 1047 4947 haereticis
1063 4894 1123 4947 etc.
1139 4885 1221 4947 sicut
1261 4882 1471 4944 structionem
1484 4883 1838 4965 acritatrsllespandca:
1853 4884 1927 4947 iliad
1944 4884 2130 4948 munemne

358 4966 451 5028 etiam
466 4965 557 5028 modo
572 4966 630 5027 alia
644 4964 840 5045 disputantur
853 4967 885 5028 iu
908 4966 1024 5029 scholis
1046 4966 1126 5029 iuter
1147 4966 1219 5029 dac·
1264 4970 1321 5022 suo
1336 4964 1486 5043 adjecisse
1498 4964 1697 5028 liemaitium:
1715 4983 1785 5029 uam
1800 4967 1980 5030 Athanasius
1992 4980 2056 5028 riou
2071 4967 2128 5030 ha·

358 5050 420 5123 tos,
436 5048 495 5110 alia
508 5048 697 5126 explicantur
709 5048 741 5110 ia
752 5049 902 5112 concione
918 5048 1069 5127 populari.
1087 5049 1138 5112 Sic
1153 5049 1218 5113 het.
1263 5040 1392 5137 balmisi
1406 5048 1446 5109 ad
1459 5048 1602 5111 caritatis
1616 5049 1864 5113 indicationem.
1879 5048 2023 5129 Loquitur
2039 5052 2126 5112 enim

359 5126 410 5207 20,
427 5131 588 5210 apostolos
613 5130 743 5194 seorsim
773 5131 896 5194 instruit
921 5131 1090 5211 Episcopus
1115 5132 1218 5195 Asiae.
1263 5125 1435 5201 vbvmoude
1449 5132 1591 5194 omuibus
1612 5131 1982 5212 dogmatibas‚sedsolam
1997 5130 2037 5194 de
2052 5133 2128 5194 dan·

357 5213 408 5276 Sic
424 5214 453 5275 l.
471 5210 540 5276 Cor.
556 5212 586 5275 2.
600 5211 786 5291 sapientiam
798 5215 932 5293 touoitor
949 5216 1028 5280 inter
1050 5214 1217 5293 periectos.
1263 5206 1335 5277 bns,
1352 5228 1430 5290 11111111
1445 5220 1709 5293 11111181111111111
1724 5216 1855 5278 (1110111111
1876 5214 2125 5292 Ιῑὺιθιιιῐῐιιιϋθθ

358 5296 421 5359 Sic.
439 5295 469 5357 2.
486 5296 564 5359 lim.
581 5294 722 5370 hilara,
739 5296 848 5376 iuquit,
866 5296 1219 5375 contruendchdctibas
1266 5291 1304 5383 ad
1321 5292 1504 5358 llacbariom
1527 5296 1644 5373 scribi13
1670 5297 1824 5373 videlicet,
1847 5299 1929 5375 quod
1959 5297 2038 5358 idola
2061 5312 2123 5357 uon

356 5376 557 5454 honrirtibas,
574 5378 632 5459 pai
644 5378 758 5442 idonei
772 5387 869 5443 ararat
883 5386 911 5443 ct
927 5380 1010 5442 alios
1024 5378 1152 5441 docem.
1168 5380 1220 5442 Sic
1267 5381 1331 5464 11111
1343 5374 1411 5449 Dei,
1428 5384 1459 5441 et
1473 5378 1558 5456 qaod
1571 5377 1711 5441 dinisius
1725 5380 1765 5441 sit
1778 5396 1868 5442 veras
1883 5380 1965 5442 ileos
1990 5385 2021 5442 et
2040 5376 2125 5440 simi·

358 5458 623 5525 Ιτθῃιιεῃς]ἱὴ,4,
641 5460 779 5540 081).st
797 5462 882 5535 diost,
900 5462 1060 5541 Apostolos
1087 5478 1156 5523 oum
1182 5461 1219 5523 Ε.
1264 5452 1451 5535 ltlerlroitto,
1467 5476 1546 5539 quilii
1560 5461 1622 5523 dito
1636 5461 1796 5524 bubessiill
1812 5461 1978 5541 seripturis
2000 5474 2125 5539 obpres-

358 5541 521 5627 pisaopaiu
539 5544 700 5607 tradidisse
709 5544 946 5607 successoribus
958 5542 1109 5607 charisma
1118 5544 1219 5609 scien·
1266 5550 1300 5597 Sil
1316 5541 1499 5605 testimonia.
1516 5542 1672 5606 Praelel'titi
1687 5544 1869 5607 Athanasius
1890 5544 2007 5605 ibidem
2028 5542 2125 5619 addit,

358 5622 441 5685 tiae:
1265 5618 1438 5701 Scripturas
1452 5626 1577 5703 quidem
1598 5624 1740 5689 sullleerc
1767 5628 1804 5687 ad
1828 5626 2045 5688 indicationem
2074 5642 2125 5688 ve·
2173 5688 2177 5697 ,

401 5704 455 5767 llis
470 5705 593 5781 natatis,
606 5708 689 5773 dica:
706 5709 756 5772 illa
775 5710 877 5771 omnia
893 5706 1007 5788 scripta
1036 5722 1107 5772 esse
1122 5707 1160 5771 ub
1180 5709 1217 5771 A·
1262 5701 1360 5768 ritatis
1381 5707 2030 5787 borumduarumdogmatum31ameunoo
2054 5708 2124 5771 sine

360 5786 501 5869 postelis,
518 5803 596 5866 quae
611 5797 682 5852 suni
696 5792 841 5855 omnibus
864 5789 1051 5863 necessaria,
1082 5799 1113 5853 at
1140 5804 1220 5871 quac
1263 5788 1466 5866 explicatione
1480 5798 1653 5853 sarretorarn
1669 5790 1797 5867 l'atrum,
1814 5806 1944 5870 quoram
1966 5790 2037 5852 libri
2051 5806 2124 5853 cam

359 5870 420 5950 ipsi
436 5870 533 5951 palam
546 5872 691 5934 amnibus
702 5876 792 5955 vulgo
808 5875 1069 5955 praedicaverant:
1086 5870 1144 5935 alia
1166 5890 1219 5935 au·
1264 5882 1326 5932 nou
1342 5872 1430 5936 iaaile
1442 5874 1480 5937 ab
1492 5872 1749 5936 arrrniboshaberi
1765 5872 1975 5954 possint,dicii
1989 5887 2025 5935 sc
2043 5873 2125 5937 velle

360 5958 422 6017 tem
434 5972 495 6017 non
507 5952 608 6015 omnia
624 5952 738 6033 scripta
751 5974 833 6021 esse.
848 5956 923 6019 Cam
952 5960 1043 6038 igitur
1072 5954 1219 6019 lrenacos
1263 5953 1399 6021 scribere
1414 5956 1453 6023 de
1467 5957 1517 6021 his
1531 5957 1636 6037 rebus,
1652 5956 1725 6036 quit
1741 5972 1758 6020 a
1773 5956 1941 6038 majoribus
1955 5954 2024 6036 ipse
2043 5956 2125 6019 didi·

361 6036 414 6119 ait,
430 6036 589 6118 apostotos
619 6035 785 6121 scripsisse
811 6039 1166 6120 qaaepracdieaveraat
1185 6035 1221 6104 ia
1263 6038 1350 6105 eerit.
1409 6072 1414 6079 ·
