4792 7009
439 693 494 748 260
1016 745 1021 753 .
1099 698 1143 756 be
1164 697 1407 760 incantatione

366 828 459 889 latnie
472 829 635 910 anomoeis-ti
647 835 705 898 sub
722 836 860 916 pedibus
889 836 970 916 ejus:
996 833 1054 899 niel
1080 833 1156 896 lnrte
1182 835 1219 896 ad
1266 836 1349 898 tiano
1366 850 1427 896 nun
1443 833 1593 913 sequitur,
1612 832 1721 896 Christi
1738 831 1957 894 taumanitatrm
1971 825 2089 888 babere
2102 824 2138 888 in

367 911 484 973 tabutas
505 912 648 980 iudaicus
664 927 884 981 convertamur.
899 918 1011 981 Scribit
1025 918 1106 980 enim
1122 917 1219 979 ltubbi
1266 933 1300 980 se
1323 917 1488 979 iurmalitor
1509 915 1610 978 divina
1632 916 1784 988 attributa,
1802 917 1856 976 sed
1872 913 1973 975 seium
1987 925 2060 972 esse
2077 924 2136 970 na·

368 995 512 1055 statumen
526 996 557 1059 in
574 1016 641 1080 cap.
658 1000 688 1062 ι.
702 1001 839 1065 Denter..
866 1002 1011 1064 adamum
1027 1005 1126 1063 tantae
1151 1017 1221 1082 pro·
1266 1007 1364 1062 iurator
1381 1000 1450 1079 ejus
1469 1000 1622 1078 suppositi
1639 1000 1719 1075 qued
1738 995 1785 1060 iila
1803 996 1943 1058 attributa
1961 991 2064 1054 ltabet.

366 1077 499 1138 ueritatis
514 1079 620 1160 luisse,
639 1092 670 1144 ut
682 1085 779 1163 eapite
793 1085 913 1146 eoelum
930 1084 1099 1164 attingeret.
1307 1081 1419 1156 Tertio,
1438 1089 1537 1160 petest
1552 1079 1685 1160 intelligi
1701 1081 1729 1142 in
1747 1097 1784 1143 oo
1800 1095 1906 1148 εειιειι,
1924 1083 1956 1140 ιιι
1970 1079 2076 1156 agatur
2092 1073 2137 1136 de

408 1161 450 1221 td
478 1162 605 1226 alteram
627 1165 888 1229 confirmationem
914 1169 1110 1244 respondeo:
1137 1163 1163 1227 si
1186 1178 1221 1225 oa
1266 1172 1416 1246 potestate
1428 1165 1600 1246 judicandi,
1618 1181 1678 1224 non
1695 1163 1993 1240 quomodocumque,
2009 1158 2066 1220 sod
2081 1171 2140 1218 ex·

367 1244 567 1308 concluderet
582 1250 709 1328 aliquid,
726 1267 818 1328 posse
835 1251 904 1312 inde
920 1249 1034 1330 colligi,
1049 1250 1139 1310 etiam
1154 1261 1222 1310 cao·
1268 1250 1362 1312 terius
1386 1253 1416 1310 ei
1440 1247 1639 1310 sensibiliter:
1667 1261 1745 1325 quae
1771 1245 1895 1324 quidem
1913 1247 2047 1316 potestas
2064 1241 2137 1300 data

368 1333 452 1386 teres
466 1326 609 1391 hemines
625 1347 695 1393 csse
711 1332 836 1410 ubique.
851 1333 921 1393 b'arn
943 1331 989 1395 ιο.
1017 1330 1068 1394 20.
1083 1329 1222 1394 Christus
1268 1331 1387 1395 dnrtste
1409 1337 1467 1402 esi,
1484 1331 1554 1408 quia
1571 1330 1666 1392 Filius
1683 1327 1815 1390 bominis
1830 1334 1888 1388 esi.
1906 1325 1978 1386 Natu
1995 1323 2065 1402 quia
2079 1323 2133 1400 ju·

369 1408 453 1469 dedit
469 1418 650 1486 potestatem
662 1413 823 1492 discipulis
837 1414 1010 1477 remittendi
1027 1419 1163 1494 poeeaiu3
1187 1427 1223 1473 ac
1268 1415 1326 1476 dcx
1343 1413 1499 1476 bominum
1516 1414 1546 1474 in
1563 1412 1703 1474 exteriori
1714 1409 1831 1488 jndicio
1844 1411 1936 1472 debet
1949 1407 2043 1468 rideri
2057 1407 2140 1484 aju-

368 1491 511 1570 preinde,
525 1497 549 1554 si
566 1497 634 1570 quis
657 1504 757 1574 potest
782 1499 936 1559 romilleio
963 1505 1087 1572 paccata
1115 1495 1224 1576 queris
1269 1497 1421 1571 dicandis3
1445 1497 1514 1558 idco
1531 1511 1592 1558 nen
1608 1495 1689 1556 bears
1706 1495 1801 1566 Pater,
1818 1492 1870 1572 qui
1887 1497 1935 1553 ost
1950 1489 2129 1558 invisibilis,

370 1575 473 1642 mede,
487 1574 513 1635 is
529 1585 628 1654 potest
643 1593 713 1640 esse
729 1578 942 1659 ubiquo,eerie
957 1579 1090 1658 apostoli
1103 1593 1223 1641 oerurn·
1266 1579 1427 1662 Judicabit,
1441 1577 1495 1641 sed
1506 1579 1656 1658 judicium
1669 1577 1754 1639 dabit
1764 1575 1852 1649 Filio,
1867 1573 1918 1654 qui
1931 1579 2057 1653 propior
2071 1587 2139 1632 eur·

368 1673 430 1734 que
442 1661 767 1738 successores-ubique
784 1679 854 1724 esse
870 1663 1051 1743 potuissent.
1078 1663 1152 1724 ilice
1168 1661 1224 1755 igi·
1269 1677 1339 1725 rtem
1357 1668 1542 1740 assumptam
1558 1662 1654 1722 laetus
1669 1667 1717 1720 est
1731 1659 1872 1720 visibilis.

369 1747 430 1799 tur:
449 1744 601 1805 remittere
617 1752 740 1822 peecata
757 1746 879 1825 propria
895 1747 1072 1807 auctoritato
1092 1757 1163 1807 osso
1180 1759 1223 1804 tn·
1311 1746 1354 1808 id
1371 1743 1632 1806 cerrssrmationem
1644 1743 1724 1804 dieu:
1740 1743 1883 1810 Leonem,
1897 1745 1927 1802 ει
1939 1736 2086 1817 cyrillum
2105 1734 2136 1796 in

370 1822 473 1882 linitae
491 1824 619 1902 virtutis,
635 1834 787 1890 remittere
803 1836 903 1890 arutem
930 1835 962 1889 ut
990 1829 1225 1890 instrumentum
1269 1827 1331 1890 illis
1353 1828 1429 1890 ineis
1451 1827 1604 1904 explicare
1625 1825 1933 1888 cemrnunicationom
1953 1820 2135 1882 idiomatum

371 1903 497 1966 alterius
512 1923 573 1968 non
585 1909 742 1988 requirere
757 1911 905 1972 inlicitam
934 1909 1085 1980 virtulem,
1111 1913 1145 1971 ui
1171 1924 1225 1969 no·
1271 1925 1309 1972 eo
1325 1910 1425 1984 modo,
1443 1925 1504 1988 que
1520 1925 1576 1970 nos
1592 1925 1684 1986 supra
1700 1907 1908 1988 exposuimus,
1925 1904 1964 1964 iia
1979 1907 2013 1964 ut
2028 1903 2072 1965 sii
2088 1915 2138 1963 re·

370 1993 436 2048 tum
451 1989 579 2052 ostiam
596 2007 668 2070 ergo
681 1989 818 2055 cbristus
832 1993 956 2056 uiDeus
968 1993 1139 2055 remittebat
1154 2007 1226 2072 poe·
1271 1994 1328 2055 atis
1349 1998 1492 2072 respectu
1519 1991 1681 2072 suppositi,
1704 1989 1835 2053 verbalis
1857 1991 1957 2049 aulem
1979 1990 2130 2064 respectu

370 2075 436 2130 cata
452 2073 573 2151 propria
595 2075 784 2152 auctoritate:
800 2077 881 2137 idem
904 2093 974 2138 nero
1003 2083 1037 2139 ιιι
1061 2075 1154 2138 bomo
1179 2087 1227 2137 re·
1271 2081 1460 2139 naturarum.

371 2153 511 2215 mittebat
525 2161 558 2216 ul
572 2157 807 2219 inslrnmeniurn
823 2159 998 2221 divinitalis.
1314 2158 1385 2220 Nam
1412 2157 1527 2220 ibidem
1549 2157 1661 2219 deceni
1676 2153 1735 2216 beo
1752 2159 1782 2216 el
1795 2153 1938 2234 cyrillus,
1955 2151 2037 2212 ¹1ssssss
2053 2165 2140 2211 ⁰⁰⁰¹·

414 2233 557 2306 Quautum
573 2247 783 2317 argumentum
796 2241 899 2302 ιιιιιιιι.
917 2241 966 2304 ι8.
987 2241 1042 2304 iter·
1064 2244 1144 2303 euni
1159 2239 1225 2302 duo
1272 2241 1508 2304 medicationem
1522 2255 1592 2303 osse
1605 2246 1750 2302 mutuam.
1761 2237 1798 2298 ita
1812 2245 1844 2298 ιιι
1856 2238 1946 2298 etiarm
1961 2239 2067 2296 natura
2082 2235 2140 2294 bu·

373 2317 422 2378 ool
436 2323 498 2380 tres
513 2323 697 2400 conpropnti
710 2323 890 2387 innomine
913 2339 996 2396 mco,
1024 2323 1087 2388 sibi
1108 2323 1229 2386 semin
1272 2339 1361 2386 ntarna
1377 2323 1646 2386 communicaverit
1661 2321 1760 2383 Verbo
1773 2337 1844 2382 suras
1860 2318 2035 2397 passiones,
2053 2322 2085 2377 ⁰¹
2097 2323 2140 2375 1³·

371 2394 480 2461 medio
496 2417 618 2466 certam.
635 2401 673 2464 m
686 2403 789 2467 iiattb.
807 2406 857 2468 18.
873 2407 940 2486 Ego
967 2405 1131 2470 uobiscum
1154 2421 1229 2468 sum
1274 2421 1344 2469 men
1373 2406 1486 2468 ibidem
1512 2411 1665 2479 asserunt,
1693 2403 1781 2466 Verbi
1798 2403 1892 2465 dirini
1910 2408 2050 2462 naturam
2069 2413 2140 2462 esse

371 2496 475 2563 usque
490 2486 535 2546 nd
549 2491 858 2552 consummationem
871 2492 1007 2553 soeculi.
1032 2489 1227 2568 despondeo:
1274 2490 1400 2551 amerino
1417 2489 1651 2568 impassibilem.

372 2565 451 2627 lrarec
465 2567 525 2628 diei
538 2574 576 2628 de
592 2567 721 2646 dionisio,
739 2579 891 2651 quatenus
903 2576 991 2635 adest
1016 2573 1079 2636 suis
1095 2587 1150 2651 per
1164 2587 1230 2647 gra·
1317 2573 1438 2634 Senium
1462 2567 1753 2651 argurnontumdel.
1769 2568 1800 2630 2.
1823 2567 1863 2630 ιιι
1879 2565 2000 2628 Christo
2015 2561 2142 2626 ltobitci
2202 2587 2203 2590 ¹

372 2649 446 2709 tiam
461 2656 492 2711 et
507 2652 664 2723 amilium,
680 2658 716 2714 ad
732 2655 813 2733 qued
831 2672 891 2717 non
907 2656 1071 2734 requiritur
1087 2670 1230 2732 praescn-
1276 2657 1380 2718 omnis
1394 2655 1562 2733 plenitudo
1574 2653 1754 2716 diuinitatis
1762 2649 1984 2732 corporaliter.
1998 2646 2090 2708 item:
2104 2646 2142 2706 ln

372 2732 413 2791 tia
428 2733 611 2811 corporalis,
627 2740 661 2796 ut
673 2743 764 2813 patet.
781 2737 852 2798 llam
867 2740 926 2801 boc
942 2739 1046 2812 tuedo,
1062 2753 1123 2816 quo
1146 2735 1231 2798 Cbri·
1275 2739 1345 2818 ipse
1369 2745 1446 2800 sorti
1460 2751 1570 2800 oannes
1585 2737 1728 2800 tlteannri
1740 2733 1923 2813 sapientiae
1937 2738 1967 2794 ei
1981 2729 2142 2792 sct'cntiue

373 2820 441 2875 stus
457 2817 544 2876 adcst
558 2819 750 2896 congregatis
765 2819 932 2882 innomine
960 2837 1030 2896 sue,
1057 2827 1141 2883 certe
1169 2835 1232 2880 non
1277 2821 1470 2885 absconditi:
1484 2827 1513 2882 ιιι
1524 2820 1550 2882 ει
1563 2819 1784 2882 communicata
1798 2822 1845 2878 εει
1857 2811 2038 2877 humanitati
2052 2810 2142 2874 cbri-

380 2897 470 2959 adost
483 2905 675 2978 cougregatis
687 2903 718 2960 ιιι
734 2905 858 2965 ιιοιιιιιιε
880 2903 1050 2966 alienorum
1077 2905 1232 2964 beorum:
1278 2907 1315 2966 sii
1332 2905 1432 2966 omnis
1444 2903 1601 2983 plenitudo
1614 2901 1787 2976 divinitatis,
1803 2905 1885 2961 certo
1898 2899 1988 2960 ettam
2000 2895 2145 2974 omnipo·

380 2993 476 3057 quaro
488 2993 526 3042 os
540 2981 589 3042 bis
605 2981 681 3043 locls
694 2999 754 3049 nen
768 2987 857 3048 modo
883 3003 944 3049 nen
970 2985 1135 3064 colligitur,
1162 2999 1232 3047 oum
1277 2985 1712 3066 tentiaotemnipraesentia.
2081 3059 2087 3072 ,
2135 3058 2142 3072 ,
2203 3023 2204 3056 ι

382 3075 454 3123 εεεε
469 3062 598 3142 ubique,
613 3066 667 3127 sed
684 3066 848 3147 colligitur,
867 3085 927 3130 non
939 3085 1009 3131 esse
1024 3069 1149 3148 ubique.
1320 3070 1515 3148 ttespeudao:
1541 3070 1623 3132 aliud
1640 3083 1710 3131 osse
1725 3059 1944 3129 communicari
1959 3062 2144 3154 humanitati
2203 3067 2204 3070 ’

423 3142 567 3217 Quintum
582 3156 791 3227 argumentum
801 3150 850 3212 Je.
863 3151 893 3212 5.
903 3150 1007 3214 Filius
1019 3168 1098 3230 qum
1107 3150 1176 3214 null
1188 3149 1235 3212 oi·
1280 3151 1444 3215 divinitalis
1464 3151 1699 3230 plenitudinem.
1723 3156 1754 3211 ei
1774 3150 1935 3210 thesauros
1957 3145 2144 3222 sapientiae,

380 3224 500 3306 cilicet.
516 3228 603 3294 item:
629 3230 734 3309 deque
760 3232 858 3296 Pater
872 3232 1002 3315 judicet
1025 3249 1234 3314 quemquem,
1280 3236 1361 3315 quud
1373 3235 1485 3298 Paulus
1498 3251 1558 3298 aton
1570 3234 1655 3298 dixit.
1672 3231 1752 3296 alind
1765 3226 2145 3320 intrabiiarodirinitatom,

379 3311 440 3372 aed
454 3325 549 3373 omne
558 3311 724 3390 judicium
739 3315 827 3378 dedit
841 3315 936 3392 Filio,
952 3325 988 3379 ut
1012 3331 1122 3378 omnes
1137 3317 1236 3378 bono·
1281 3326 1310 3381 ot
1324 3319 1419 3382 latero
1434 3320 1595 3381 thesauros
1610 3315 1757 3378 scientiae
1771 3316 1801 3376 in
1815 3311 1925 3375 curtstt
1939 3309 2146 3380 humanitate,

379 3392 507 3469 silicem
521 3393 652 3469 Filium,
681 3397 765 3459 siout
788 3399 1002 3478 honorificent
1022 3397 1161 3464 Patrem.
1193 3397 1238 3461 iis
1281 3403 1363 3472 quud
1384 3401 1494 3465 Paulus
1510 3401 1594 3464 dixit.
1615 3401 1686 3462 iiam
1703 3397 1777 3460 iliud
1794 3398 1925 3475 primum
1941 3391 2144 3473 signiticaret,

380 3475 529 3570 biseenim
545 3479 705 3552 hebernus,
722 3476 842 3543 cbristo
857 3483 963 3544 coliata
986 3497 1057 3545 esse
1083 3481 1137 3543 iria
1162 3481 1236 3542 diri·
1283 3487 1392 3549 Christi
1408 3485 1622 3548 humanitatom
1638 3497 1710 3544 esse
1725 3483 1834 3548 baum,
1852 3476 1932 3556 quod
1949 3489 2010 3536 non
2027 3471 2149 3554 signiti-

381 3573 423 3620 aa
435 3560 589 3633 idiomata,
606 3559 760 3626 nimirum.
773 3571 953 3642 potestatem
962 3564 1133 3649 judicandi,
1147 3563 1238 3628 rirlu·
1283 3578 1331 3634 eat
1346 3571 1404 3632 bne
1419 3569 1600 3630 secundum:
1619 3569 1698 3627 sicut
1714 3579 1775 3625 nnn
1792 3563 1862 3638 qnia
1878 3558 1989 3636 aliquis
2004 3559 2034 3618 in
2050 3557 2146 3616 domo

382 3647 448 3703 tem
463 3641 633 3704 vivificandi
660 3651 690 3704 et
701 3646 888 3724 rnajestatom
913 3663 1034 3710 summe
1062 3649 1178 3709 bonore
1193 3645 1237 3708 di·
1282 3655 1408 3727 habitat,
1425 3651 1495 3715 idoe
1508 3651 1617 3712 dicitur
1632 3650 1741 3710 domus
1754 3661 1823 3707 osse
1839 3647 1943 3712 borno,
1960 3647 2012 3700 aut
2026 3638 2143 3700 babere

383 3739 488 3803 gnam.
511 3725 625 3787 Eadem
640 3733 741 3788 autom
753 3731 830 3791 ratio
844 3735 892 3792 est
903 3731 941 3794 de
963 3730 1107 3792 omnibus
1132 3729 1200 3791 aliis
1216 3729 1239 3789 i·
1283 3733 1599 3804 tunnattterattributa
1613 3731 1757 3807 bominis3
1772 3728 1870 3789 solum
1883 3741 1956 3802 erge
1970 3723 2080 3782 Paulus
2092 3736 2150 3814 no·
2205 3759 2206 3768 ι

382 3807 581 3884 diemalibus
596 3822 670 3886 ereo
698 3811 799 3872 auara
827 3812 884 3874 ιιι
910 3820 982 3875 ⁵⁰⁰²
1006 3813 1033 3875 0³
1061 3814 1184 3886 lillis
1203 3827 1239 3873 ao
1283 3820 1469 3888 reuirescere.
1486 3819 1515 3878 tn
1533 3813 1840 3879 dbnstinumanitato
1856 3805 2147 3869 naturamnatura-

384 3890 516 3970 pruinde
530 3892 750 3969 omnipotentia
765 3899 795 3955 ot
808 3895 1126 3973 omnipraesentium
1139 3911 1179 3956 ne
1194 3909 1241 3956 ro·
1281 3913 1345 3968 repa
1361 3899 1569 3980 corporaliter,
1586 3898 1676 3966 idest,
1695 3913 1756 3957 ιιοιι
1770 3893 1949 3960 ernlrraiiee.
1963 3895 1996 3949 ut
2006 3887 2038 3948 in
2052 3901 2148 3964 ange·

387 3972 587 4050 spondeatur:
605 3973 682 4035 baec
697 3975 762 4036 data
779 3991 848 4039 esso
860 3977 938 4040 Filio
954 3988 986 4040 nt
1005 3979 1089 4040 Deus
1104 3985 1172 4051 est:
1189 3978 1240 4038 ad·
1282 3991 1323 4051 tis
1345 3993 1375 4050 et
1397 3985 1564 4063 prophetis,
1588 3981 1641 4062 qui
1663 3979 1809 4060 gerebant
1823 3975 1875 4036 ilai
1893 3983 2067 4064 persenam,
2083 3967 2143 4029 scd

387 4054 469 4116 ditur
490 4055 616 4116 ibidem:
628 4055 916 4122 Potoeintemdodit
931 4061 1133 4140 eliudicidm
1156 4062 1241 4137 foce·
1285 4087 1367 4146 aare,
1392 4070 1430 4129 iia
1453 4075 1485 4127 ni
1508 4067 1558 4127 itte
1574 4066 1749 4124 bomorere
1765 4058 1962 4130 internitens,
1979 4050 2144 4115 ctriiabu·

384 4146 433 4211 ιε,
450 4137 531 4218 quin
539 4137 644 4201 Filius
659 4140 799 4205 bomine
814 4147 870 4204 est.
886 4143 921 4205 et
933 4144 1091 4206 corrdrmat
1102 4143 1242 4205 Brentius
1290 4153 1429 4222 manitus,
1445 4149 1500 4213 ιιει
1517 4148 1606 4212 luerit
1621 4145 1802 4207 immanitas.

387 4230 426 4281 ex
439 4219 550 4300 Cgrille
567 4222 620 4282 lib.
636 4223 676 4284 do
687 4223 809 4286 incarn.
825 4239 893 4304 cap.
911 4228 941 4290 i.
958 4235 988 4288 et
1003 4225 1054 4290 28.
1080 4227 1133 4289 ubi
1159 4225 1244 4296 dicii,
1333 4235 1501 4313 Septimum
1513 4236 1724 4310 angariarentum
1737 4243 1803 4300 erip.
1817 4223 1846 4283 ι.
1860 4219 2020 4297 quplros.
2033 4217 2148 4280 ΑΜ·

391 4302 523 4365 verbum
537 4307 783 4368 communicasse
797 4311 879 4369 carni
896 4325 969 4371 suae
987 4310 1154 4387 mejestatis
1174 4323 1247 4388 epe·
1292 4299 2085 4396 ditmmnemnescoeloauta'mpleretomniurquod
2096 4314 2151 4360 ex·

389 4384 536 4446 rationes:
554 4393 585 4447 et
599 4388 710 4450 similia
725 4386 818 4452 habet
832 4391 891 4453 Leo
907 4392 997 4472 epist.
1014 4389 1065 4455 83.
1086 4391 1125 4454 ad
1145 4391 1247 4453 dena·
1292 4399 1378 4482 ponit
1390 4395 1599 4462 oecumenius
1614 4396 1672 4456 boe
1684 4394 1785 4461 medo,
1802 4389 1870 4466 quin
1883 4393 1971 4448 antea
1987 4382 2144 4476 diuinitate

385 4465 441 4528 eit.
456 4465 585 4530 Palaest.
799 4523 803 4529 .
1294 4485 1394 4547 omnia
1407 4481 1590 4558 replererat,
1620 4474 1781 4538 descendit
1802 4480 1832 4534 et
1846 4467 1995 4537 ascendit,
2008 4473 2040 4526 ut
2056 4471 2148 4526 eitam

431 4547 629 4642 despondeo:
645 4550 743 4613 tribes
758 4553 858 4616 modis
870 4571 940 4617 eum
955 4556 1057 4619 iocum
1086 4569 1180 4636 posse
1203 4555 1248 4618 in·
1293 4581 1387 4630 cappe
1399 4566 1500 4626 omnia
1517 4561 1663 4640 repleret:
1680 4557 1731 4620 ubi
1747 4557 1865 4618 ridetur
1881 4552 1969 4622 rotie,
1993 4546 2148 4611 curtatum

390 4630 501 4724 tellegi.
518 4631 630 4701 Parme,
647 4636 792 4696 utcmnia
818 4653 897 4715 quae
927 4638 977 4700 bic
1006 4638 1150 4701 dicuntur
1178 4640 1248 4701 data
1294 4649 1332 4712 ad
1348 4663 1418 4710 cum
1430 4645 1556 4710 medum
1567 4641 1734 4720 replevisse
1755 4638 1857 4700 emnia
1883 4630 2031 4711 corporali
2060 4644 2149 4707 prae·

390 4711 511 4775 cbristo
523 4730 538 4774 a
551 4714 649 4786 Patre,
665 4715 874 4796 intelligantur
893 4719 961 4782 data
983 4721 1041 4800 ipsi
1070 4722 1168 4784 Verbo
1195 4737 1250 4799 per
1294 4731 1403 4802 sentia,
1421 4727 1678 4806 quemadmodum
1692 4729 1778 4786 antea
1791 4717 1891 4782 emnia
1903 4715 2074 4794 repleuerat
2087 4725 2150 4772 ma·

391 4803 545 4858 aeternam
561 4799 803 4878 generationem.
818 4801 868 4863 ste
883 4803 964 4865 auin
983 4804 1125 4878 tniattten
1153 4805 1245 4886 carp·
1291 4813 1404 4896 testate
1429 4809 1602 4872 divinitatis.
1626 4807 1699 4870 trem
1716 4803 1961 4881 itreeptqtuetas
1977 4796 2093 4858 ttinere
2108 4793 2153 4856 di·

336 4913 340 4922 ·
390 4882 588 4940 sestomusin
606 4882 687 4942 bunc
703 4883 870 4961 lectamqui
885 4885 961 4948 iliud
980 4885 1178 4966 Qutedtttua
1194 4887 1250 4948 bo·
1295 4898 1347 4968 cit,
1364 4911 1426 4957 non
1450 4893 1547 4957 luisse
1571 4889 1794 4968 impedimento
1820 4883 1939 4947 cbristo
1963 4881 2151 4942 descensum

392 4964 492 5024 minis
507 4969 552 5025 ost
568 4963 641 5025 dicit
653 4964 770 5027 debere
786 4967 933 5048 coniungi
948 4986 1017 5031 eum
1033 4969 1247 5049 sequentibus
1296 4977 1333 5042 ιιι
1348 4991 1524 5050 ascensum,
1542 4975 1610 5054 quia
1627 4971 1770 5035 nimirum
1785 4968 1874 5031 simui
1891 4969 2009 5045 poterat
2034 4959 2151 5038 ubique

396 5061 457 5106 non
469 5061 538 5105 cum
556 5049 823 5124 praecedentibus,
838 5052 877 5112 ita
891 5059 923 5111 ut
938 5069 998 5114 non
1023 5053 1072 5114 sic
1096 5053 1250 5131 legamus,
1281 5075 1379 5125 ¹esso.

392 5127 483 5191 dedit
499 5129 529 5189 ei
537 5129 703 5210 loadiciam
726 5132 843 5208 fucere,
874 5135 954 5214 quie
982 5133 1086 5198 Filius
1110 5135 1251 5199 nomicos
1336 5139 1532 5221 Respondent
1546 5137 1643 5214 prime
1659 5135 1732 5198 iliud
1751 5127 2150 5213 iitimploaetemrtlopos-

393 5217 452 5286 est3
466 5211 520 5274 sod
535 5214 593 5273 sic:
610 5209 693 5288 Quin
707 5213 811 5278 Filiam
832 5216 972 5280 beminis
987 5225 1042 5294 εει,
1069 5217 1167 5282 rnoldo
1191 5218 1252 5281 mi·
1297 5242 1331 5288 se
1347 5224 1474 5300 intelligi
1487 5224 1525 5285 de
1540 5220 1756 5298 adimpletione
1772 5210 2076 5278 vaticiniorumiiam
2090 5211 2152 5270 lue·

391 5295 465 5359 reri
476 5294 546 5368 lieo,
563 5294 654 5370 idest,
671 5298 766 5359 nolite
781 5297 882 5360 mirari
900 5348 908 5373 ,
926 5302 952 5362 si
968 5317 1025 5379 ego
1038 5317 1108 5364 eum
1129 5301 1189 5363 sim
1206 5299 1252 5362 ri·
1296 5313 1342 5372 rat
1355 5307 1510 5388 praedicta
1524 5322 1538 5365 a
1553 5303 1709 5383 prophetis
1733 5307 1792 5362 iam
1820 5295 1982 5358 descensio
2007 5307 2098 5372 qnam
2119 5307 2148 5349 a·

393 5378 456 5440 iius
470 5376 616 5448 bominis,
634 5385 736 5442 tamen
752 5379 879 5442 dixerim
911 5399 960 5446 me
985 5383 1101 5446 babere
1120 5389 1252 5463 potesta·
1298 5391 1432 5454 seensio:
1449 5396 1479 5450 et
1493 5389 1629 5467 quamtis
1645 5389 1723 5448 banc
1747 5381 1980 5462 explicationem
2006 5377 2152 5437 irrideant

393 5465 455 5523 iem
471 5459 653 5538 vivificandi,
670 5468 700 5525 el
711 5464 881 5544 judicandi,
898 5466 1053 5533 eldebore
1066 5467 1209 5528 honorari
1221 5470 1254 5528 ιιι
1298 5471 1474 5546 ιιιειειιιιι;
1486 5476 1586 5531 ιιιιιειι
1603 5471 1703 5531 ιιιιιιιε
1716 5483 1782 5529 eum
1799 5479 1859 5526 non
1876 5459 2081 5522 conteteram.
2099 5456 2149 5517 Se·

394 5541 525 5613 Patrem,
549 5559 617 5606 nam
635 5561 696 5608 nun
711 5560 779 5609 sum
795 5545 891 5610 iilius
906 5549 1039 5614 bominis
1054 5556 1180 5627 ιειιιιιιιι,
1196 5547 1251 5612 εει
1298 5555 1400 5620 eundo
1416 5553 1595 5632 dieezposse
1609 5550 1739 5629 intelligi
1755 5549 1793 5610 de
1807 5544 1986 5623 impletione
1999 5540 2152 5632 iocorum.

395 5625 487 5687 etiam
501 5621 597 5689 Filius
611 5629 679 5692 bet.
1300 5638 1355 5703 sed
1370 5653 1426 5718 per
1440 5634 1568 5699 elicetos
1581 5653 1666 5711 suns,
1683 5631 1776 5695 noluit
1791 5628 1871 5690 onim
1889 5625 2027 5688 cbristus
2048 5635 2152 5714 cannia

438 5705 581 5798 Secunde
596 5758 603 5779 ‚
630 5717 731 5791 potest
746 5711 875 5791 intelligi
892 5727 927 5775 ea
942 5713 1069 5780 ratione.
1095 5720 1128 5777 ut
1143 5714 1193 5776 iiia
1223 5727 1255 5774 o·
1300 5720 1420 5801 replere
1435 5717 1528 5800 gloria
1545 5723 1644 5786 suaet
1656 5717 1688 5778 in
1701 5711 1843 5774 orntribus
1855 5705 1975 5789 operari
1990 5703 2153 5766 mirabilia.

395 5791 479 5852 mnia
490 5790 703 5866 significentur
715 5797 783 5856 daia
807 5795 996 5872 humanitati,
1015 5815 1074 5859 nen
1092 5799 1121 5859 ιιι
1138 5814 1184 5870 so,
1201 5797 1255 5858 sed
1283 5804 1416 5874 dontio,
1431 5807 1533 5882 petest
1546 5799 1675 5880 intelligi
1688 5798 1725 5857 dc
1742 5795 1911 5874 repletione
1928 5793 2065 5852 locorum
2080 5801 2154 5880 sue·

396 5874 430 5934 in
456 5873 628 5949 supposito,
651 5877 744 5955 idque
758 5879 954 5958 pergratiam
970 5881 1103 5949 unionis.
1120 5887 1257 5958 utsupra
1303 5885 1432 5954 cassina,
1448 5884 1627 5959 accipiendo
1641 5895 1697 5959 per
1709 5879 1787 5946 lucar,
1804 5891 1915 5955 genera
1942 5873 2092 5964 meorum,
2116 5883 2159 5964 st·

400 5955 535 6017 diximus
556 5955 596 6018 de
618 5958 758 6020 sessione
779 5977 796 6022 a
818 5961 945 6024 dextris:
963 5963 1003 6024 ita
1019 5963 1159 6026 ridentur
1172 5975 1258 6024 aceo·
1304 5975 1357 6030 eut
1372 5967 1602 6046 dieituraiiqnis
1616 5962 1712 6024 luisse
1730 5963 1760 6024 in
1777 5967 1834 6021 teta
1849 5958 1982 6034 Europa,
2007 5951 2160 6046 eutimii

398 6041 487 6120 pisse
509 6036 696 6120 Augustinus
718 6047 747 6103 et
770 6039 910 6124 cyrillus.
927 6043 969 6108 Etr
984 6061 1115 6126 querum
1127 6044 1259 6126 explice-
1305 6051 1340 6115 in
1355 6051 1497 6116 omnibus
1511 6043 1676 6128 provinciis
1691 6045 1840 6124 Europae,
1857 6040 1915 6104 etsi
1929 6053 1993 6101 nott
2020 6035 2114 6102 [ueni
2128 6051 2159 6097 ιιι
