4792 7009
998 732 1096 799 uum
1113 731 1254 796 mantus
1899 695 1950 797 nr

249 873 415 954 auomddn
430 873 687 955 animositates
700 871 764 939 nori
777 873 1017 954 nepmitlesum
1037 885 1110 936 esse
1153 877 1290 952 pturarn
1305 883 1372 934 esne
1385 863 1506 950 inritam
1527 861 1856 938 unnmm'haercrum
1882 879 1911 938 ct
1924 875 2022 940 echis

247 957 412 1031 christum,
427 973 498 1020 curn
512 957 554 1019 nit
566 957 604 1020 ud
618 958 708 1022 Rom.
722 958 771 1021 lt.
785 958 918 1022 dheearo
927 973 983 1022 aas
992 958 1111 1036 fratres
1157 959 1296 1029 mutum,
1311 955 1499 1034 amupunrn
1513 961 1543 1017 et
1557 954 1811 1046 cooperando·

242 1039 791 1204 wisheim
809 1039 981 1204 lmu
998 1046 1112 1189 tit.
1155 1039 1473 1186 „ritineant
1489 1036 2022 1200 ltdtnluntualnttn

247 1204 448 1268 crematam
460 1221 521 1284 pro
534 1223 587 1270 rna
601 1208 648 1270 ud
660 1171 772 1275 unum,
794 1212 832 1269 ut
846 1207 962 1270 lihmer
981 1205 1023 1268 al
1036 1205 1111 1285 inti·
1155 1201 1330 1266 unacum
1344 1205 1498 1268 aduersus
1513 1218 1641 1266 amnem
1663 1203 1774 1265 herrm
1793 1203 1827 1264 Et
1842 1169 1945 1266 inna':
1963 1207 2022 1271 liei

245 1286 379 1362 delibus,
396 1289 545 1368 paisant
565 1291 605 1352 in
617 1289 772 1354 ludmar
796 1289 956 1366 Quomodo
979 1304 1111 1369 magnos
1155 1300 1353 1366 amatunam
1367 1285 1506 1366 Daunum
1516 1285 1653 1360 amabit,
1668 1287 1932 1366 quioudaeraum
1943 1291 2021 1353 uni·

245 1370 374 1434 Basil'rus
388 1383 452 1433 nun
466 1373 590 1451 negarit
601 1371 708 1434 lesum
722 1387 795 1435 esse
809 1370 972 1442 christum,
988 1387 1059 1434 cum
1076 1373 1108 1435 in
1153 1383 1248 1430 nerea
1263 1375 1443 1449 concerpat.
1459 1369 1542 1448 Quae
1555 1375 1624 1432 nota
1638 1369 1808 1431 clarissime
1820 1370 2021 1448 demonstrat,

245 1459 320 1515 orat.
336 1452 376 1514 de
390 1451 444 1516 to.
464 1460 588 1534 martyr.
603 1455 645 1516 ita
663 1456 810 1533 loquutus
824 1461 889 1516 esta
915 1452 977 1530 Qui
997 1455 1113 1536 alicua
1154 1467 1266 1530 papam
1291 1453 1367 1513 nihil
1394 1451 1507 1516 hahere
1533 1467 1696 1516 commune
1721 1467 1790 1514 cum
1808 1452 2021 1518 Antichristo:

243 1536 405 1614 munitur
418 1538 582 1616 aupmtta.
592 1537 707 1600 muns
717 1538 895 1617 coemptar-
909 1533 1113 1612 Qnimrcnrn
1155 1547 1227 1594 num
1239 1534 1439 1596 Antichristus
1451 1537 1570 1600 nullum
1582 1538 1708 1596 deorum
1719 1535 1848 1612 acrabin
1859 1549 1935 1614 papa
1950 1551 2023 1599 vero

246 1619 397 1690 laetatu,
414 1618 838 1683 hosurettllleutontalia
864 1619 1112 1696 nemnem-lete
1155 1631 1250 1677 uuum
1264 1631 1369 1679 nerum
1386 1617 1481 1679 Deum
1501 1618 1619 1680 Patrem
1638 1665 1644 1687 ,
1662 1625 1693 1678 ct
1708 1617 1817 1686 Filium
1832 1623 1862 1679 ct
1876 1616 2022 1697 Spiritum

244 1707 282 1763 ut
295 1701 390 1763 duret
401 1701 440 1764 ln
452 1701 548 1764 rebus
562 1703 681 1767 laetu?
706 1701 816 1764 Omitto
838 1709 975 1764 caeteros
987 1702 1112 1781 Patrem
1156 1703 1295 1760 maetam
1310 1699 1392 1760 colit.
1410 1699 1514 1778 Neque
1531 1701 1562 1762 id
1578 1699 1677 1768 solum
1694 1699 1776 1774 ituit,
1794 1700 1850 1764 sed
1866 1703 1957 1762 eiiam
1970 1701 2021 1781 (si

246 1797 354 1845 rancor
368 1785 452 1846 enim
467 1797 507 1847 ne
522 1784 549 1846 si
563 1800 618 1848 eos
633 1785 833 1858 excutiamus,
847 1785 964 1847 nulium
978 1785 1111 1848 inreniu·
1155 1779 1244 1842 nohis
1259 1782 1413 1844 credimus
1429 1782 1495 1860 )tai
1510 1783 1591 1846 Deos
1606 1783 1707 1862 palam
1721 1782 1841 1856 adorat,
1858 1789 1932 1864 quat
1947 1789 2019 1848 sunt

248 1881 319 1928 mus
333 1866 387 1944 qui
401 1881 463 1928 nan
488 1869 646 1946 negaverit
667 1867 774 1930 lesam
800 1883 871 1931 esse
896 1865 1063 1930 christum:
1084 1868 1111 1930 sl
1155 1860 1188 1923 iu
1204 1862 1299 1926 caelis
1314 1863 1422 1940 suncti,
1437 1864 1470 1928 in
1486 1865 1574 1929 turns
1588 1865 1756 1946 imagines,
1773 1864 1831 1928 suh
1848 1871 1958 1928 terrum
1976 1883 2024 1932 re·

246 1962 315 2011 reru
329 1948 371 2009 sit
383 1947 496 2026 Illyrici
513 1949 660 2011 electrina,¹
1082 1967 1086 1972 ·
1155 1943 1281 2024 tiquiae.

286 2029 390 2109 Pergit
404 2029 555 2110 illyricus.
573 2031 681 2094 Daniel
705 2049 774 2111 nep.
800 2033 852 2094 ll.
879 2028 1111 2098 Antichristum
1195 2027 1262 2089 lam
1277 2027 1443 2108 rernqnod
1459 2027 1558 2093 addis:
1582 2031 1710 2108 Papam
1722 2029 1907 2108 metienti,
1935 2030 2018 2096 Siri-

245 2111 398 2192 plurium
420 2116 507 2177 natis
528 2114 678 2194 insinuit:
697 2117 854 2194 nmmum,
880 2115 989 2195 inquit,
1014 2117 1114 2194 faciet
1153 2115 1288 2191 puram
1301 2125 1367 2172 esee
1380 2110 1678 2187 {antemhaeresum
1693 2112 2022 2196 circummunitae

246 2195 440 2276 quodnnlet,
454 2197 534 2275 tacit
545 2213 626 2261 amne
637 2200 827 2278 papaquod
840 2198 871 2260 et·
884 2197 968 2262 liora
1155 2200 1240 2256 uerte
1255 2195 1286 2255 in
1302 2193 1417 2256 nullius
1443 2211 1578 2275 unquam
1599 2208 1695 2274 papae
1711 2195 1833 2274 scriptis
1850 2195 1910 2276 logi
1927 2223 1943 2272 ,·
1966 2199 2023 2260 sed

291 2280 329 2340 Al
344 2294 371 2340 S.
389 2278 495 2342 Daniel
512 2296 581 2342 cum
597 2283 640 2342 ait
653 2282 692 2344 de
707 2280 902 2353 Antichristo,
916 2282 1015 2359 lhciet
1027 2282 1116 2362 meod
1155 2275 1278 2338 Latheri
1294 2277 1336 2337 tui
1352 2277 1478 2338 neritum
1493 2290 1563 2340 esse
1579 2279 1681 2340 audio.
1699 2275 1763 2339 Scri
1790 2285 1885 2338 turum
1899 2295 1969 2342 esse
1983 2280 2020 2342 li·

249 2360 343 2433 nolet,
359 2359 533 2440 significare
547 2364 620 2438 ruit,
636 2363 871 2426 ah-Antichrislo
885 2365 1002 2426 nullum
1014 2365 1112 2425 omni·
1153 2359 1244 2422 mum
1259 2358 1494 2422 haereticarum.
1520 2359 1672 2422 lantherus
1698 2295 1824 2438 pungat.
1852 2359 1926 2424 hist.
1943 2357 2022 2442 quac

251 2457 294 2505 no
308 2443 498 2522 superiorem
511 2447 752 2526 agnoscendam.
765 2463 801 2508 uc
812 2461 852 2508 ne
863 2447 960 2508 licum
972 2446 1110 2526 quidem:
1156 2440 1285 2520 contigit
1299 2441 1329 2502 in
1345 2439 1487 2504 Straslort
1498 2459 1579 2505 anno
1594 2443 1645 2506 dh.
1659 2442 1744 2518 Quod
1758 2442 1883 2522 quidem
1897 2445 2023 2508 verbam

251 2524 298 2588 sie
313 2526 395 2588 enirn
411 2527 560 2605 sequitur:
575 2527 617 2590 ht
629 2529 806 2592 elevabitur
818 2528 972 2592 edemus
986 2545 1118 2594 amnem,
1156 2525 1183 2588 si
1198 2529 1282 2588 recte
1297 2522 1472 2603 accipiatur,
1491 2541 1551 2587 non
1565 2525 1653 2587 rideo
1668 2527 1841 2588 carmarita
1854 2524 2021 2605 reprehen-

253 2607 367 2670 Deum.
382 2607 490 2688 lunae
503 2610 705 2674 Antichristus
719 2611 811 2673 etiarn
836 2611 890 2674 liei
904 2613 986 2692 lege,
1013 2611 1113 2676 etim·
1156 2607 1256 2670 detor.
1282 2604 1355 2668 Nem
1371 2623 1398 2670 s.
1419 2623 1542 2688 quoquc
1567 2607 1700 2672 Hilarius
1725 2607 1756 2668 in
1772 2607 1826 2670 lih.
1845 2607 1881 2668 da
1907 2613 2018 2690 synod.

250 2689 338 2768 perio
352 2691 538 2770 posthabito,
554 2707 610 2771 pro
624 2694 749 2756 nrhnrin
763 2708 820 2755 suo
833 2693 923 2767 niret,
936 2693 1017 2772 quod
1030 2700 1129 2756 certe·
1156 2697 1294 2754 extremo
1308 2689 1686 2772 demonstrauplernsque
1702 2690 1848 2772 haereses
1860 2705 1897 2754 en
1909 2693 2020 2756 divinis

195 2770 196 2809 n
251 2773 504 2852 papnnoniacit,
521 2776 637 2854 quippe
661 2777 713 2856 qni
730 2776 782 2838 llei
799 2777 868 2856 tege
891 2791 927 2838 se
944 2777 1120 2856 constringi·
1161 2773 1261 2836 literis
1278 2771 1356 2834 male
1368 2770 1537 2836 intellectis
1552 2789 1624 2838 csse
1638 2781 1739 2836 naus.
1775 2817 1778 2826 ,
1942 2797 1947 2810 ·

249 2871 314 2916 non
340 2861 503 2934 negat-et
527 2855 680 2921 christum
702 2859 840 2940 judicem
864 2865 896 2922 et
919 2860 1111 2939 superiorem
1197 2855 1234 2917 tlt
1248 2854 1453 2917 Tertullianus
1468 2856 1499 2918 in
1514 2855 1612 2920 lih.de
1624 2855 1806 2936 praescript.
1820 2855 1917 2936 magis
1929 2855 2023 2919 eude-

255 2939 407 3017 agnoscit.
1156 2944 1240 3001 etur:
1257 2938 1316 3000 llee
1329 2938 1514 3016 periclitor,
1532 2938 1649 3016 innuit,
1666 2939 1773 3002 dicere
1786 2941 1875 3017 ipsae
1890 2953 2018 3020 quaque

299 3018 484 3098 condimur,
499 3022 599 3100 inquit
612 3022 952 3104 illyricasidipcennt
965 3025 1040 3088 dict.
1056 3023 1108 3087 lo.
1157 3020 1343 3099 Scripturas
1366 3022 1413 3084 sic
1428 3037 1493 3084 ease
1508 3038 1551 3086 eac
1565 3021 1798 3085 unrotnntan
1820 3022 2019 3100 disponens,
2056 3073 2060 3080 ,

251 3101 281 3163 si
302 3117 396 3180 papa
421 3102 568 3181 infinitae
596 3108 726 3170 animos
752 3121 863 3169 aemam
881 3108 921 3169 in
947 3108 1115 3186 infernum
1156 3111 1193 3167 ut
1207 3103 1376 3166 haereticis
1396 3106 1551 3168 materias
1564 3104 1848 3167 subministrarent
1864 3150 1871 3174 ,
1890 3120 1963 3167 aunt
1980 3103 2023 3168 le·

254 3183 422 3261 traheret3
450 3192 561 3250 tamen
572 3203 668 3252 nuno
697 3189 787 3251 delet
801 3191 833 3251 ei
846 3191 952 3252 dicem
973 3191 1054 3267 quid
1065 3189 1115 3266 [a-
1155 3203 1246 3267 pan·
1265 3186 1390 3264 Oportet
1404 3185 1551 3251 homnem
1568 3203 1644 3262 eece,
1662 3203 1746 3268 quae
1760 3188 1831 3250 sine
1846 3185 2023 3268 Scripturis

256 3267 334 3328 cis?
358 3268 516 3347 arpano,
545 3270 654 3349 inquit,
670 3273 1116 3351 papaeeatpraratianena·
1160 3285 1229 3334 esse
1243 3275 1475 3348 nonpoaeent.

257 3347 378 3411 luntas.
1201 3353 1294 3416 Parra
1307 3351 1467 3432 ambiguas
1486 3400 1493 3422 ,
1518 3357 1548 3414 et
1562 3351 1798 3416 obscurissimas
1819 3351 1850 3414 in
1866 3351 2024 3432 plerisque

195 3506 196 3512 ἵ
296 3430 413 3504 danen,
436 3432 489 3510 aui
504 3432 611 3511 incipit
624 3434 773 3514 Sipapa,
789 3451 851 3496 nan
862 3440 911 3499 est
924 3434 971 3515 (ut
984 3435 1061 3499 laiso
1076 3437 1113 3502 lt·
1156 3434 1234 3498 lueis
1250 3434 1420 3514 Scripturas
1447 3449 1516 3498 esse
1535 3481 1542 3504 .
1560 3451 1622 3498 non
1645 3435 1745 3498 solam
1771 3451 1848 3514 pape
1864 3436 2023 3500 verissime

255 3512 369 3592 lyricus
384 3516 471 3595 dicit)
486 3517 618 3596 alicujus
632 3520 747 3580 rcrrrani
764 3517 927 3596 pontilicis,
943 3520 998 3582 sed
1014 3535 1040 3580 s.
1057 3519 1112 3582 llo·
1156 3517 1257 3593 docet,
1275 3519 1330 3579 sed
1346 3533 1455 3580 ornnes
1470 3517 1560 3580 etiem
1576 3525 1695 3580 veteres
1713 3517 1828 3594 Patras3
1842 3517 1933 3596 alque
1945 3520 2022 3583 adea

254 3595 356 3658 nilaeii
374 3599 511 3678 episcopi
530 3601 714 3679 maguntini,
730 3603 859 3680 apostoli
873 3615 1086 3682 germanorum
1103 3647 1111 3677 ,
1157 3598 1226 3680 ipse
1241 3599 1392 3662 lutherus
1408 3647 1416 3674 ,
1439 3603 1532 3662 vellet
1548 3601 1644 3664 nollet
1659 3599 1690 3662 id
1705 3600 1790 3664 interi
1808 3605 1932 3664 coactns
1948 3607 1995 3663 est
2014 3650 2022 3679 ,

253 3682 284 3739 et
298 3680 450 3757 martyris:
466 3682 517 3760 qui
532 3684 728 3760 qnidernnon
740 3689 830 3764 negat
845 3681 1019 3762 pontificem
1031 3701 1111 3746 snm-
1156 3700 1227 3746 cum
1243 3681 1368 3760 pracial.
1385 3683 1415 3744 in
1432 3683 1510 3760 psal.
1526 3681 1658 3750 in‘hunc
1674 3683 1796 3746 modum
1813 3685 1947 3762 scripsit:
1964 3682 2022 3746 de·

196 3780 197 3787 ¹
255 3776 348 3836 mum,
370 3766 395 3822 si
411 3763 490 3824 male
507 3765 621 3835 uixerit,
637 3781 708 3828 esse
719 3766 945 3845 corripiendum
960 3773 1050 3846 atque
1061 3768 1113 3829 nd⁴
1156 3766 1214 3828 lina
1228 3765 1272 3828 ab
1284 3765 1352 3827 ullo
1366 3765 1404 3827 id
1419 3767 1459 3829 de
1473 3782 1523 3828 me
1535 3767 1713 3844 praesumi,
1731 3770 1821 3847 arrad
1835 3767 1947 3828 nullus
1963 3770 2023 3832 ad·

251 3844 443 3906 monendum
457 3861 494 3907 ex
508 3845 638 3909 iraterna
659 3850 818 3926 charitatc;
833 3849 888 3911 sed
900 3853 1003 3927 nusi,
1021 3863 1113 3927 posse
1155 3849 1218 3912 huc
1230 3854 1396 3926 proestare
1409 3851 1517 3928 patuit
1531 3849 1809 3912 sanctissimarum
1831 3855 1860 3912 et
1874 3850 2023 3912 doctissi-

250 3926 336 4004 argui
350 3927 589 4007 exauctoritate,
605 3947 640 3992 nn
652 3931 803 4006 indicari,
829 3946 899 3992 eam
923 3931 964 3994 sit
987 3931 1055 4010 ipse
1078 3947 1112 3994 ο4
1155 3946 1293 4001 marum,
1309 3931 1408 4002 idest,
1423 3930 1615 4010 psalterium
1628 3933 1665 3994 in
1680 3931 1828 3992 omnihus
1843 3945 1902 3993 suo
1919 3931 2024 4010 tepiti·

251 4009 371 4070 mnium
386 4009 543 4080 luminum
555 4011 720 4088 iudendo!
735 4015 826 4076 ctiam
840 4013 1057 4076 ltaniiaciusin
1071 4015 1110 4078 iis
1157 4014 1210 4077 mu
1225 4027 1324 4076 sunau
1337 4013 1517 4094 imeltipere
1540 4019 1570 4076 et
1583 4016 1710 4077 docere.
1729 4013 1784 4075 Sat
1799 4020 1843 4075 est
1860 4059 1868 4086 ,
1891 4013 2021 4094 aliquos

251 4091 353 4153 rerhis
372 4138 382 4163 ,
403 4109 483 4170 quae
504 4109 654 4157 canonem
675 4097 761 4158 illum
781 4095 967 4159 antecedunt
990 4096 1050 4179 (ut
1070 4096 1113 4160 ri·
1156 4104 1186 4160 et
1198 4097 1327 4160 medem
1341 4110 1383 4159 em
1396 4105 1489 4176 parta
1502 4097 1712 4161 inlelleaisse:
1728 4094 1904 4158 molienti
1917 4105 2018 4160 rmor-

251 4169 325 4236 dere
338 4180 391 4237 est
415 4177 445 4237 in
458 4192 534 4239 nore
550 4178 686 4241 editione
713 4178 857 4260 decreti)
878 4193 1034 4242 romanam
1055 4179 1111 4240 lle·
1154 4181 1242 4242 canit
1253 4177 1404 4257 Spiritus,
1417 4195 1482 4260 qno
1492 4195 1552 4243 noa
1562 4195 1689 4258 semper
1699 4179 1879 4258 discipulas,
1887 4177 2017 4254 haheat,

249 4254 377 4320 etesium
391 4258 517 4320 disertis
529 4261 631 4322 rochis
645 4268 735 4340 caput
748 4264 885 4334 omnium
907 4261 1111 4324 ecclesiarum
1155 4263 1259 4326 multa
1272 4262 1376 4324 solum
1391 4263 1538 4338 ostendit,
1553 4267 1591 4325 ut
1604 4263 1737 4332 alliciat,
1751 4261 1854 4323 multa
1870 4263 2016 4334 tradidit,

250 4340 409 4416 appellat,
431 4348 498 4402 eta
520 4346 638 4405 romani
659 4344 814 4424 pantdlcis
835 4345 1043 4408 incolumitate
1063 4352 1107 4407 to·
1154 4351 1192 4407 ut
1279 4345 1338 4406 iat.
1354 4343 1505 4408 illinire:
1535 4345 1606 4408 Scia
1623 4357 1688 4408 οοοο
1713 4345 2018 4420 impudentissimae

250 4422 309 4484 hus
329 4421 492 4487 Ecclesiae
514 4427 668 4504 salutem,
688 4431 758 4507 post
771 4427 892 4504 ileum,
915 4426 1054 4508 pendere
1067 4425 1111 4490 ai·
1154 4432 1216 4490 ten
1260 4428 1341 4493 'atio
1356 4441 1440 4489 cum.
1450 4428 1508 4510 qui
1523 4430 1645 4490 audeat
1657 4423 1921 4506 monterianum
1931 4425 2018 4492 Scri·

251 4499 362 4567 firmat.
560 4521 564 4528 ’
1152 4515 1270 4588 pturae
1286 4509 1538 4574 lihrtunasein
1554 4510 1702 4574 amnihrre
1728 4505 2017 4587 portth'usintetle·

291 4586 412 4662 Qunero
425 4588 519 4668 igitur
529 4591 568 4653 ah
582 4591 718 4672 lllprieo:
733 4607 804 4654 vere
817 4591 899 4655 sitne
919 4607 947 4654 s.
963 4590 1109 4656 llonilnoii
1155 4592 1341 4656 ctumldam
1353 4592 1675 4671 anaqnchnthcrnsin
1687 4591 1784 4655 lihssdc
1796 4590 2024 4657 Cancelliccl.¹

197 4694 198 4697 ¹
251 4679 466 4746 germanorum
487 4676 617 4751 apostoli
646 4675 804 4748 sannatia
821 4691 859 4736 nn
880 4674 972 4736 noni
992 4675 1062 4736 itam
1084 4676 1111 4736 si
1156 4693 1226 4755 pap.
1242 4675 1292 4736 52.
1307 4674 1411 4738 Nonne
1424 4683 1526 4752 aperte
1541 4677 1659 4748 latetur,
1673 4691 1707 4739 se
1721 4689 1828 4754 magno
1841 4675 1954 4738 sudore
1966 4691 2016 4738 rc-

252 4765 320 4812 tera
336 4769 400 4814 nan
415 4761 484 4830 est3
500 4771 556 4816 cur
566 4756 656 4819 nohis
670 4757 813 4836 abjicitur
824 4757 839 4818 l
850 4756 881 4820 Si
896 4772 967 4819 rern
981 4763 1041 4832 est3
1056 4773 1113 4819 cur
1157 4775 1221 4820 ram
1238 4805 1245 4822 .
1263 4766 1293 4819 ct
1308 4775 1480 4836 germanam
1498 4759 1674 4835 Scripturas
1697 4757 1880 4820 sententiam
1895 4760 2017 4842 quaesi·

197 4846 198 4875 t
254 4846 316 4894 nun
332 4836 496 4914 recipitur?
510 4839 612 4902 ulman
629 4839 761 4917 idipsum
775 4840 908 4918 planius:
921 4839 948 4902 si
963 4854 1033 4902 reru
1048 4855 1111 4901 nott
1156 4840 1254 4902 risset
1270 4839 1406 4919 Denique
1422 4849 1464 4901 tat
1480 4836 1653 4920 Scriptnrn‘c
1671 4843 1909 4912 versionemtot
1924 4839 2019 4902 inter·

256 4922 304 4976 est
324 4931 359 4978 ea
376 4921 541 4997 santonum
557 4937 618 4984 nan
633 4923 726 5000 igitur
739 4937 844 4984 rerum
871 4928 943 4994 est,
970 4921 1110 5002 pontiflci
1158 4923 1354 5004 prolationes,
1372 4930 1414 4986 tot
1429 4930 1531 4986 sectae
1544 4925 1769 4986 diversissimae
1782 4925 1861 4999 apud
1874 4922 2015 4985 adversa-

255 4996 404 5074 plurimas
424 5005 544 5066 animas
558 5019 666 5067 secum
693 5005 730 5067 ed
744 5003 859 5067 inieras
886 5005 1018 5068 trahenti
1046 5022 1108 5068 non
1158 5005 1313 5082 rios3quid
1326 5005 1406 5068 alind
1420 5007 1657 5086 clamant,quam
1673 5005 1857 5084 scripturam
1871 5007 1941 5066 'esse
1954 5023 2019 5067 am·

197 5100 198 5133 ι
256 5095 349 5155 posse
360 5083 435 5158 dici,
450 5087 524 5164 quid
539 5086 644 5150 iacis?
663 5087 695 5150 Si
710 5103 780 5150 reru
795 5094 854 5162 est3
876 5088 968 5167 igitur
980 5103 1051 5150 nere
1065 5105 1114 5150 cu·
1159 5088 1519 5168 higuametabscurnrnl
1825 5115 1827 5120 ·
1994 5102 2017 5130 ‘-

252 5169 307 5239 put
321 5172 370 5226 cst
385 5182 528 5230 romanos
542 5169 827 5245 pontiiexnmnium
850 5169 1066 5236 Ecclesiarum.
1084 5176 1115 5233 et
1197 5169 1298 5234 Tertio
1322 5169 1334 5248 i
1350 5170 1453 5232 llarricl
1469 5169 1481 5252 )
1500 5217 1508 5244 ,
1524 5171 1706 5251 dicitquod
1732 5167 1789 5251 ei(
1806 5169 1989 5232 Antichristo
2005 5171 2018 5252 >

251 5253 380 5310 cunctos
391 5249 612 5326 judicaturusa
630 5252 752 5314 nemine
767 5260 815 5314 est
826 5253 1024 5332 judicandus.
1033 5253 1112 5326 Qun·
1155 5269 1308 5334 prospero
1318 5255 1474 5328 suecedet,
1485 5254 1587 5316 danea
1597 5251 1735 5331 finiatur
1745 5256 1798 5315 irc
1810 5253 1879 5314 liei:
1888 5267 2016 5332 oppres·

250 5340 284 5419 re
299 5327 421 5391 desinat
433 5332 575 5413 Illyricas
586 5333 649 5414 jam
671 5351 807 5397 canones
818 5335 1014 5414 allegareani
1031 5335 1107 5398 nihil
1152 5337 1293 5414 aitpopa
1303 5336 1521 5399 diuoluiteua
1533 5337 1707 5417 tyrannide
1720 5341 1748 5397 et
1758 5338 1934 5414 impietate.
1950 5343 2019 5402 latet

251 5421 278 5467 er
297 5412 446 5486 prodesse
460 5425 602 5494 possunt.
619 5415 705 5493 Quod
721 5417 899 5496 adplossnm
914 5419 1111 5489 attinet,scint
1152 5419 1285 5495 politiae
1297 5419 1457 5499 plurimas
1474 5465 1482 5495 ,
1504 5423 1572 5482 tum
1586 5421 1685 5483 etiarn
1697 5421 1888 5483 innumeras
1910 5417 2017 5483 hrcle

250 5487 402 5570 illyricus,
419 5513 484 5561 enm
500 5500 547 5559 rel
562 5500 599 5561 ah
620 5500 690 5578 ipso
713 5499 855 5579 pannum
871 5547 879 5576 ,
895 5506 1038 5579 hannem
1054 5501 1109 5561 ial-
1154 5503 1233 5563 rias.
1409 5510 1414 5521 ·

251 5587 316 5634 snm
333 5592 405 5638 esse
419 5581 569 5643 schlatnar
592 5583 622 5645 in
635 5599 710 5645 narn
735 5582 870 5646 editione
898 5583 1012 5645 decreti
1029 5624 1037 5654 ,
1061 5581 1109 5642 ret
1196 5581 1234 5644 lu
1247 5584 1307 5646 hoa
1321 5601 1378 5662 arra
1394 5585 1529 5657 ratione,
1547 5600 1607 5664 quc
1621 5589 1747 5654 auctore
1760 5581 1913 5662 probatis?
1927 5581 2019 5648 Pote-

250 5669 405 5735 nunquam
420 5660 452 5722 in
467 5665 590 5728 decreto
603 5665 715 5732 luisse:
727 5681 785 5746 ego
798 5673 881 5729 certe
894 5681 962 5729 eum
977 5666 1112 5743 reperire
1158 5664 1254 5727 etisnu
1270 5667 1388 5742 dicere,
1405 5683 1481 5746 quas
1497 5667 1638 5746 potnias,
1654 5681 1730 5746 quos
1745 5663 1901 5728 Ecclesins
1918 5668 2019 5746 ponti-

198 5748 199 5789 t
251 5753 311 5802 uon
329 5745 426 5822 patui.
466 5793 470 5800 .
1156 5748 2016 5830 lenramannsoppresserlthuidsinoscontradcmnn·

198 5836 200 5875 r
291 5823 391 5905 Pergit
406 5826 557 5907 illyricus.
572 5827 713 5892 Secundo
727 5827 864 5909 (Daniel)
889 5829 993 5901 dicit,
1018 5831 1107 5909 wod
1156 5837 1288 5893 strennus
1307 5879 1314 5901 ,
1332 5833 1402 5893 huic
1420 5832 1526 5894 tertiae
1542 5838 1629 5893 notae
1644 5831 1819 5893 Antichristi
1838 5838 1937 5894 notem
1954 5835 2018 5912 pin·-

251 5917 284 5964 te
299 5909 545 5989 eleuahrleupra
558 5910 789 5990 ileumidfecit
799 5913 905 5991 (papa)
918 5920 953 5974 ut
964 5928 1111 5992 caprae·
1157 5929 1197 5976 ne
1213 5915 1390 5976 contrariam
1407 5931 1502 5994 papae
1517 5913 1696 5978 convenire?
1711 5915 1781 5975 llum
1797 5914 1835 5978 nb
1851 5929 1888 5976 ea
1901 5921 2017 5996 tempo-

199 6026 200 6029 =
253 5992 436 6056 cedentibus
447 5994 674 6072 apparatum
684 5996 885 6075 quianullus
897 5997 1010 6058 audiri
1021 5996 1111 6075 ploce·
1157 6011 1203 6064 re.
1221 6011 1281 6076 quo
1297 6011 1351 6076 per
1361 6011 1415 6059 vos
1427 6013 1500 6075 papa
1514 5996 1729 6059 Antichristum
1742 6011 1813 6060 esse
1826 5995 1938 6076 coepit,
1954 6015 2017 6062 uon

198 6081 203 6129 t
254 6089 350 6153 arram
366 6075 465 6142 ileum
480 6077 769 6158 ltrmhemaneque
781 6079 976 6157 moderatur
992 6127 1000 6154 ,
1028 6079 1112 6144 Seri·
1157 6077 1248 6144 modo
1262 6095 1324 6145 uua
1340 6081 1433 6146 crevit
1447 6081 1515 6166 eJ'us
1526 6077 1699 6176 imperinm,
1713 6082 1768 6145 sed
1782 6093 1906 6162 sempor
1917 6083 2016 6164 magis

324 6173 490 6231 Buttmann.
512 6177 570 6233 Vol.
590 6178 610 6232 l.
1763 6175 1798 6234 5⁹
