4792 7009
435 737 472 794 oo
1130 685 1384 794 urveoooout

361 891 427 949 ons,
444 885 531 952 quus,
547 867 630 949 quod
641 867 773 948 tempori
797 867 901 947 potius
923 882 1015 947 quum
1040 864 1154 929 reritoti
1170 863 1224 928 do·
1270 881 1305 928 ro
1316 879 1484 932 mororum.
1508 865 1666 930 Praetereo
1681 865 1821 931 norisius
1847 867 1877 930 in
1894 867 2026 932 coneilio
2044 884 2141 932 romu·

362 962 497 1038 gmetum
511 952 708 1026 inservirent,
722 952 786 1033 jum
797 951 957 1031 abrogatos
981 954 1065 1012 oerto
1079 954 1198 1013 ooustut
1215 995 1223 1024 ‚
1271 964 1312 1012 no
1327 947 1415 1014 Lxx.
1433 949 1649 1028 episcoporum
1664 967 1758 1012 unum
1773 958 1889 1014 tuntum
1900 949 2016 1016 Esdrao
2029 951 2143 1018 librum

362 1038 461 1118 quetis
477 1045 525 1101 ost
538 1035 590 1104 itta
606 1035 645 1098 de
659 1034 811 1116 sunguine
840 1041 871 1100 et
884 1032 1032 1100 suiiuootu
1046 1047 1108 1096 uon
1122 1047 1225 1093 oome·
1272 1031 1360 1114 ponit
1374 1032 1404 1092 io
1421 1047 1550 1095 munus.
1568 1033 1633 1108 ero
1650 1049 1710 1095 uno
1725 1034 1794 1096 sine
1815 1034 1910 1098 dubio
1925 1041 2052 1098 nostrus
2069 1039 2142 1099 uuor

364 1121 480 1184 dendo.
1210 1147 1215 1160 ·
1272 1113 1491 1195 intelligitqui
1508 1121 1540 1178 ut
1569 1115 1774 1196 Hieronymus
1799 1123 1925 1180 testetur
1954 1117 2087 1196 praeiet.
2113 1120 2145 1182 iu

400 1205 446 1266 td
460 1204 586 1266 otiorum
598 1198 805 1264 utmootuton
816 1196 1001 1278 respondeo:
1013 1194 1079 1262 Etsi
1092 1195 1124 1258 io
1139 1211 1226 1276 grue·
1272 1195 1413 1266 Esdram,
1429 1213 1491 1258 uno
1506 1197 1661 1260 volumine
1674 1201 1882 1262 eontinentur.
1898 1198 2139 1281 Itoquedisertis

361 1285 408 1349 ois
423 1285 584 1348 codicibus
595 1283 656 1344 duo
671 1283 740 1344 libri
752 1280 868 1347 Esdree
893 1283 956 1342 sint
981 1279 1076 1340 nostri
1092 1285 1168 1341 tres:
1183 1283 1226 1340 te·
1272 1278 1374 1342 verbis
1390 1278 1529 1343 uetustos
1551 1280 1684 1358 priorem
1699 1281 1797 1358 ilion,
1813 1284 1865 1362 qui
1881 1289 1929 1345 est
1943 1282 2027 1363 apud
2050 1282 2135 1348 Grue-

362 1381 511 1432 mennon
528 1371 690 1446 propteroa
703 1364 831 1427 ooooiiiu
856 1362 977 1440 uotique
992 1367 1024 1424 et
1037 1367 1157 1424 ueteres
1173 1359 1226 1421 Po·
1273 1376 1339 1432 uos.
1356 1361 1476 1442 rejoeit.

363 1459 440 1521 tres.
456 1449 552 1532 quiin
569 1463 687 1512 oenone
698 1451 816 1526 ponunt
831 1445 910 1508 duos
926 1444 1021 1506 tibros
1035 1443 1162 1516 Esurio,
1179 1444 1226 1504 in·
1294 1443 1451 1522 'lienique
1466 1443 1576 1508 bertus
1590 1445 1796 1525 Hieronymus
1818 1445 1945 1524 praeiet.
1963 1447 1994 1510 io
2011 1449 2137 1512 Esdram

362 1535 503 1614 reingere
519 1532 644 1596 nomino
655 1529 785 1592 duorum
801 1534 921 1590 nostros
936 1534 1010 1594 tres.
1040 1525 1113 1592 uam
1140 1525 1226 1588 motti
1272 1533 1378 1605 operto
1393 1525 1570 1606 signifieat,
1603 1528 1724 1592 tertium
1740 1533 1771 1590 et
1786 1535 1925 1608 quartum
1946 1530 2063 1594 Esdrae
2080 1549 2139 1596 noo

362 1623 509 1681 osterum.
520 1622 556 1678 ut
570 1612 681 1684 uetito,
698 1610 900 1688 Epiphanius,
917 1608 1062 1680 littorius.
1077 1609 1227 1688 Hierony·
1272 1608 1373 1672 sotum
1384 1609 1464 1688 opud
1472 1607 1629 1673 Hebraeos
1644 1626 1704 1674 non
1717 1610 1895 1682 heberisod
1905 1627 1943 1674 ne
1954 1613 2037 1692 opud
2049 1613 2138 1678 Lxx.

363 1715 443 1773 mus,
455 1693 592 1763 Ruffinus
606 1694 637 1758 iu
649 1708 766 1759 cunone
782 1694 963 1772 orooneudo
977 1692 1161 1759 Testamenti
1175 1707 1227 1754 re·
1272 1693 1409 1770 quidem.
1427 1691 1537 1764 Quare,
1553 1692 1625 1756 lieet
1639 1694 1762 1772 quidem
1785 1694 1909 1757 codices
1924 1697 2026 1776 graeei
2043 1697 2137 1760 habe·

362 1785 448 1850 teris,
461 1786 567 1858 operto
582 1779 705 1856 sequuti
720 1783 792 1838 suut
805 1776 974 1843 Hebraeos.
989 1791 1054 1840 non
1068 1773 1221 1838 Graecos:
1271 1779 1340 1837 rent
1352 1777 1406 1836 tria
1422 1774 1575 1838 rotumioo
1601 1775 1716 1839 usurae
1729 1783 1760 1838 iu
1775 1776 1897 1842 duobus
1910 1777 2020 1854 libris;
2038 1794 2140 1842 eorre-

362 1863 491 1931 Hebrooi
507 1866 609 1924 nutem
625 1861 746 1924 tertium
757 1859 873 1922 usurae
888 1875 949 1920 nou
965 1857 1090 1922 hubent.
1107 1856 1223 1918 iteiudo
1269 1857 1382 1919 otiores
1398 1864 1498 1920 tomen
1514 1873 1575 1920 non
1591 1858 1757 1921 habebunt.
1776 1859 1867 1923 Porro
1896 1867 2017 1924 veteres
2033 1861 2137 1925 Patres

362 1946 439 2008 uiuit
454 1959 491 2008 ex
503 1945 563 2008 troo
573 1945 662 2007 tortio
676 1942 756 2006 libro
771 1944 803 2002 iu
818 1939 1034 2004 Eootosiestioo
1050 1938 1150 2004 officio
1164 1954 1223 2000 uu·
1269 1945 1396 2001 utuntur
1410 1939 1564 2002 interdum
1580 1941 1762 2004 testimoniis
1779 1957 1815 2004 ex
1831 1942 1889 2006 hoo
1916 1942 1997 2006 libro
2025 1945 2139 2022 petitis,

362 2043 452 2106 ouum
468 2027 590 2107 legitur:
608 2025 690 2104 quod
705 2032 919 2105 argumentum
933 2029 997 2098 est,
1019 2039 1036 2082 o
1057 2022 1150 2101 longo
1158 2019 1223 2100 jorn
1270 2037 1362 2100 quom
1378 2029 1408 2084 ot
1422 2037 1480 2085 nos
1496 2037 1556 2086 uun
1573 2024 1714 2086 inutilem
1729 2039 1800 2087 esse
1815 2024 2019 2090 intomursod
2029 2033 2062 2088 et
2077 2043 2139 2090 roro

361 2117 500 2190 temporo
515 2125 578 2178 uou
592 2106 689 2178 fuisso
702 2123 773 2177 oum
787 2105 901 2175 tibrum
916 2105 1053 2172 omitum
1067 2104 1100 2169 iu
1116 2118 1224 2172 nume·
1271 2106 1301 2168 io
1313 2104 1479 2178 tuoiunt.ut
1490 2121 1771 2187 nusquamsoorum
1782 2107 1961 2174 otdirinum
1970 2109 2138 2192 oppetunt.
