4792 7009
473 758 528 816 392
1077 752 1279 813 battuatttta
1300 752 1476 815 austlntcu

402 886 938 968 camaaaarncnanpcmmr,
954 904 1116 955 oceanas
1142 891 1182 952 in
1207 892 1264 955 Ec
1310 893 1424 951 statem
1442 886 1671 967 praeparandi
1684 902 1744 951 aaa
1757 888 1796 953 in
1810 887 1954 953 Ecclesia
1968 902 2049 953 sace
2061 894 2157 972 pala.

402 979 500 1039 alesia
512 976 557 1039 ad
570 982 694 1053 acepta
708 975 860 1036 sacerdos
874 1020 882 1047 ,
898 980 928 1034 el
942 976 989 1036 ad
1009 978 1136 1052 tempas
1154 974 1265 1050 judam
1309 972 1446 1035 naticae
1460 979 1490 1034 et
1510 974 1551 1035 da
1573 979 1649 1034 asta
1668 977 1777 1033 anatra
1793 970 1987 1049 y'trdc'snadi.

401 1062 470 1123 oice
487 1059 601 1121 Christi
615 1058 785 1135 capaciter..
805 1055 908 1117 daisi
919 1056 1102 1118 secandnsm
1114 1053 1264 1134 mctpr'ste·
1306 1091 1309 1107 ·
1352 1054 1535 1133 llospoadsa
1557 1054 1773 1133 caprimum:
1797 1054 2002 1133 Episcopatus
2023 1074 2099 1121 tinus
2120 1068 2156 1127 est

399 1143 578 1207 medimna
591 1140 822 1217 obtemperaret
830 1138 1018 1214 fraternitas
1028 1140 1195 1204 anismam
1209 1156 1264 1203 aa·
1309 1154 1347 1201 aa
1364 1139 1474 1210 ,moda
1499 1154 1560 1217 quo
1582 1138 1719 1200 Ecclesia
1748 1154 1807 1199 nna
1831 1145 1891 1199 est:
1912 1138 2053 1204 Ecclesia
2074 1152 2154 1208 autem

399 1243 453 1287 mn
470 1227 624 1289 redonata
648 1223 854 1285 sacerdotnm
885 1221 1058 1299 eollepiarn
1080 1221 1265 1303 anidqaam
1309 1228 1359 1283 est
1374 1238 1432 1281 aaa
1449 1220 1602 1293 eomodo,
1617 1238 1678 1301 quc
1701 1220 1788 1283 multi
1810 1220 1929 1285 arboris
1942 1223 2017 1287 rami
2034 1233 2155 1293 suatum

401 1314 540 1371 moneret
559 1313 618 1370 eto.
716 1348 721 1354 -
1309 1304 1411 1375 arbor,
1436 1305 1521 1365 multi
1544 1304 1598 1365 riri
1616 1320 1674 1366 una
1691 1320 1780 1384 aqua,
1798 1305 1924 1365 etmulti
1941 1305 2019 1367 radii
2035 1323 2090 1367 una
2104 1310 2151 1385 lux,

444 1388 618 1453 Adversarii
634 1386 759 1464 atridem
774 1383 1032 1463 respondentehic
1046 1385 1130 1464 loqui
1143 1386 1265 1466 Cypria·
1311 1391 1343 1449 ut
1355 1386 1471 1449 ibidem
1487 1384 1655 1465 Cyprianus
1671 1385 1747 1449 dicit
1761 1404 1770 1463 3
1787 1386 1868 1463 sicul
1881 1402 1955 1466 ergo
1971 1387 2004 1449 in
2021 1392 2154 1463 rainiari-

401 1490 474 1535 nnm
491 1478 530 1535 rle
551 1470 683 1549 singulis
696 1469 856 1545 episeoprs
872 1512 881 1539 ,
905 1475 936 1528 et
958 1469 1191 1544 particularibus
1206 1470 1263 1533 Es·
1308 1470 1354 1531 vis
1380 1475 1411 1530 ει
1425 1468 1518 1533 radiis
1533 1468 1634 1535 unitas
1646 1474 1694 1532 est
1708 1468 1927 1532 rationeunins
1942 1470 2064 1549 capitis,
2080 1475 2151 1549 idest

400 1556 517 1629 etesiis,
533 1562 564 1617 et
584 1552 662 1615 relic
677 1551 791 1614 disere.
804 1548 835 1610 in
853 1550 991 1626 qtralibct
1004 1551 1143 1614 Ecclesia
1165 1569 1263 1617 unum
1308 1550 1433 1619 radicis.
1447 1550 1549 1619 tontis,
1567 1552 1653 1627 solis,
1670 1551 1745 1615 licet
1766 1550 1843 1613 rami
1871 1552 1944 1631 ipsi,
1969 1552 2025 1615 riri
2052 1558 2152 1623 otradii

400 1641 515 1701 debere
530 1650 601 1699 esse
621 1636 659 1693 cn
677 1640 796 1710 tempus
805 1632 945 1708 jndicem
967 1640 998 1694 et
1012 1636 1264 1697 sacerdotemht
1308 1632 1561 1711 multiplicentur:
1579 1634 1616 1695 ita
1633 1634 1724 1696 etiam
1741 1633 1878 1697 Ecclesia
1901 1640 1949 1697 est
1961 1652 2022 1697 una
2038 1681 2046 1705 ,
2062 1644 2090 1698 et
2102 1642 2151 1717 epi·

285 1768 292 1781 .
402 1723 427 1782 si
451 1722 622 1782 conteratur
638 1716 687 1777 bic
704 1716 789 1777 iosus
811 1731 881 1776 cum
897 1717 1071 1794 superiore,
1090 1718 1261 1795 apparebit,
1308 1724 1453 1794 scopulus
1468 1734 1549 1779 unus
1563 1718 1593 1779 in
1606 1716 1709 1779 radice
1723 1723 1754 1781 et
1766 1718 1879 1795 capite,
1907 1718 2048 1797 quamtis
2062 1722 2154 1787 multae

397 1804 566 1867 rrraailsste
585 1800 666 1878 loqui
684 1797 867 1878 cyprianum
890 1798 929 1860 de
945 1798 1083 1861 Ecclesia
1107 1801 1261 1867 universas
1308 1798 1581 1879 sintperticulares
1601 1798 1770 1873 Eustasius,
1794 1800 1943 1877 multique
1974 1802 2153 1878 particulares

398 1902 468 1946 nam
484 1886 565 1947 sicul
576 1881 619 1945 ibi
630 1882 757 1950 dixerat,
774 1880 947 1942 inde-nasci
964 1882 1087 1954 haeres,
1104 1884 1185 1956 cuod
1198 1900 1263 1946 asu
1307 1882 1515 1961 episcopatus.
1528 1881 1625 1943 Unius
1640 1881 1732 1963 igitur
1746 1884 1847 1962 magui
1875 1884 2072 1963 episcopatus
2085 1886 2117 1949 ab
2129 1902 2153 1951 e·

394 1969 557 2045 asseritur
567 1971 669 2043 caput3
692 1969 723 2025 st
738 1962 883 2042 explicuit
896 1971 987 2043 caput
997 1965 1090 2026 totius
1104 1964 1263 2044 Ecclesiae
1309 1966 1448 2045 pisccpis
1463 1964 1596 2042 siugulis
1611 1964 1643 2025 in
1658 1965 1796 2027 solidum
1810 1980 1879 2044 pars
1895 1972 2030 2043 tenetur,
2043 1968 2095 2031 sed
2106 1986 2154 2035 not

397 2066 468 2116 esse
482 2049 659 2125 Petrum3ita
675 2045 726 2109 his
737 2046 811 2108 dicit
826 2044 898 2107 inde
915 2046 1262 2127 nnssl'baereses,qunr1
1308 2046 1459 2127 aequatis,
1477 2062 1578 2125 neque
1592 2048 1703 2113 eodem
1715 2049 1820 2111 modo.
1836 2049 1906 2117 llam
1936 2050 2045 2112 Petrus
2059 2056 2087 2112 ct
2099 2069 2153 2115 suc

399 2150 460 2195 non
476 2133 627 2211 cogitatur
647 2145 729 2191 unus
743 2130 773 2189 in
790 2128 928 2190 Ecclesia
947 2129 1044 2207 judex
1058 2130 1123 2191 sice
1135 2130 1260 2203 Ehristi,
1307 2146 1449 2194 cessares
1460 2134 1567 2193 tenent
1578 2145 1645 2191 eam
1659 2137 1775 2209 partem
1789 2146 1870 2210 ,quae
1882 2137 1930 2195 εει
1943 2131 2038 2195 saluti
2061 2142 2153 2213 caput,

398 2217 541 2278 nirnirum
564 2214 734 2282 Cornelius
752 2228 822 2276 nam
837 2212 876 2272 de
898 2227 935 2271 es
952 2214 1096 2287 loquitur.
1114 2211 1262 2285 Qurtcirca
1307 2212 1432 2274 atraciis
1455 2219 1486 2273 et
1508 2213 1589 2275 liras:
1613 2213 1728 2275 caeteri
1744 2214 1939 2277 teneutalias
1967 2219 2071 2293 partes
2093 2234 2154 2297 quae

397 2302 490 2377 paula
512 2293 588 2359 inira
602 2299 632 2357 in
648 2296 756 2357 eadem
773 2296 864 2370 epist.
881 2300 969 2354 rorat
986 2310 1140 2355 romanam
1159 2297 1263 2358 Eccle·
1306 2303 1379 2357 suut
1394 2296 1484 2357 veluti
1499 2296 1575 2357 rami·
1589 2300 1620 2357 ct
1633 2296 1700 2358 riri.

399 2382 476 2443 siam
492 2381 569 2443 Petri
582 2381 700 2448 sedem,
724 2382 754 2437 et
768 2375 939 2437 Ecclesiam
955 2377 1262 2456 principalcm‚uude
1315 2382 1325 2398 ”
1351 2377 1406 2439 Εει
1427 2378 1511 2439 enim
1526 2380 1585 2440 iste
1597 2394 1678 2441 crtus
1693 2376 1950 2461 episcopatus(ut
1972 2378 2154 2462 diximusl‘si·

398 2467 501 2525 unias
515 2461 716 2526 sacerdotatis
728 2465 830 2520 extrita
846 2465 905 2521 cst.
965 2501 968 2507 ·
1128 2463 1139 2517 “.
1309 2460 1392 2523 milis
1408 2460 1528 2535 corpori
1541 2461 1773 2541 hetercyanso,
1800 2476 1863 2523 non
1886 2464 2103 2541 homogcaes3
2127 2482 2154 2529 ex

439 2548 523 2609 idem
540 2546 594 2606 lib.
611 2540 802 2621 espissia.
818 2542 854 2602 at
872 2540 978 2604 eumd.
997 2539 1117 2609 Comei.
1131 2544 1262 2619 libera-
1306 2559 1367 2621 qus
1383 2542 1534 2622 sequitur,
1549 2549 1582 2604 ut
1596 2558 1657 2605 nnn
1673 2543 1782 2607 endem
1794 2544 2152 2627 modotsneantepiscopi

389 2629 614 2706 'maeinanis
626 2641 735 2704 napea
748 2625 887 2704 antiopae
901 2629 1080 2698 constratam
1094 2628 1140 2687 ad
1154 2626 1262 2689 caillo-
1307 2626 1421 2705 singuli
1437 2631 1553 2704 prrrtem
1575 2626 1669 2705 nujus
1692 2626 1904 2704 episcopatus.
1932 2626 2008 2689 Nam
2037 2637 2152 2692 steulra·

400 2712 483 2773 licac
503 2710 666 2773 Ecclesiae
678 2710 838 2769 cleritatem
850 2707 945 2769 scissi
958 2711 1103 2784 corporis
1116 2709 1262 2773 membra
1306 2708 1368 2779 dir,
1394 2708 1466 2770 licet
1480 2707 1521 2769 sit
1542 2725 1624 2785 pars,
1648 2716 1680 2770 ul
1705 2711 1796 2772 alium
1812 2716 1860 2773 ast
1873 2726 1990 2785 remus,
2008 2718 2102 2773 amen
2115 2728 2153 2777 su

397 2800 647 2872 componerent,
670 2793 730 2853 scd
749 2792 896 2853 dicamne
915 2794 1022 2867 partis
1037 2790 1210 2861 obstinata.
1233 2799 1262 2855 et
1306 2796 1430 2865 stentat,
1454 2796 1485 2853 et
1506 2792 1586 2870 regit
1605 2808 1720 2861 ramos,
1745 2800 1776 2855 et
1789 2792 1892 2855 omnin
1908 2809 1988 2870 arrae
2003 2795 2153 2859 sustinn-

393 2875 1129 2957 insesibilispcninaciannntantammnnis
1148 2882 1261 2939 elma·
1307 2872 1376 2949 mia,
1397 2881 1469 2951 sunl
1490 2872 1580 2935 etiam
1599 2874 1767 2936 virtualiter
1781 2874 1812 2937 ia
1833 2876 1963 2947 radica,
1987 2892 2152 2941 *nausson-
2187 2908 2188 2955 y

397 2962 486 3021 tricis
507 2960 629 3029 mattae,
646 2964 742 3037 atque
758 2958 967 3033 conopionem
990 2958 1177 3021 resarserit.
1202 2960 1261 3023 sed
1307 2957 1414 3017 traria:
1432 2956 1471 3017 ita
1486 2958 1578 3017 etiarm
1595 2957 1666 3019 licet
1680 2957 1818 3021 Ecclesia
1845 2972 1970 3021 romena
1993 2966 2026 3021 et
2051 2960 2154 3039 episco·
2187 2962 2188 2993 l

395 3044 494 3125 etiam
508 3042 695 3106 adaltaram
720 3047 750 3101 et
763 3040 964 3101 annuariam
976 3048 1081 3115 capas
1092 3046 1187 3102 entra
1202 3043 1259 3104 Es·
1306 3045 1395 3123 patus
1411 3055 1555 3101 romanus
1566 3039 1608 3100 sit
1628 3056 1698 3117 pars
1714 3040 1871 3105 Ecclesiae
1896 3042 2070 3127 universae,
2087 3050 2113 3105 et
2130 3060 2153 3106 e·

394 3126 611 3203 clesianrfeeil
625 3128 683 3185 etc.
699 3123 756 3183 llic
770 3129 875 3199 aperte
896 3122 935 3181 de
949 3121 1090 3183 Ecclesia
1107 3124 1257 3187 ctrtlrnlica
1305 3120 1483 3199 piscopatus
1496 3122 1690 3194 universalis,
1714 3124 1794 3187 sisut
1821 3128 1870 3187 est
1884 3122 2025 3187 Ecclesia
2042 3126 2155 3189 tuscula

394 3224 496 3269 sermo
517 3212 575 3282 est,
593 3214 677 3268 extra
692 3219 783 3280 auam
799 3212 871 3267 sunt
885 3203 1051 3265 Notatiani.
1061 3205 1098 3266 nt
1113 3205 1188 3268 dicit
1203 3206 1258 3288 Cy·
1305 3220 1343 3265 ua
1356 3210 1387 3265 at
1403 3204 1471 3283 ejus
1486 3203 1695 3285 episcopatus:
1713 3210 1816 3269 tamen
1831 3206 1976 3273 Ecclesia
1987 3224 2107 3271 romana
2119 3224 2155 3272 ra·

392 3291 531 3370 priapus,
556 3306 617 3351 non
640 3294 755 3350 matum
785 3287 925 3349 noluisse
951 3285 1131 3350 horatianos
1156 3290 1259 3353 redire
1305 3285 1349 3366 gil
1370 3288 1786 3357 tusculansmsssonoonitn·
1825 3333 1834 3355 .
1885 3342 1888 3351 .
1921 3342 1948 3351 ..

392 3376 430 3434 ad
444 3373 614 3434 Ecclesiam
632 3416 640 3445 ,
657 3373 872 3442 et'aganscere
889 3368 1023 3430 radicem
1040 3376 1071 3435 et
1086 3374 1256 3449 rectricem,
1298 3399 1303 3417 ι
1345 3368 1451 3447 ltaque
1466 3386 1503 3431 ex
1517 3371 1667 3431 sententia
1684 3368 1826 3451 Cypriani
1840 3376 1924 3434 recle
1936 3368 2153 3453 colligiturpa

393 3472 451 3517 seu
473 3460 565 3533 caput
593 3455 687 3533 hujus
718 3450 876 3515 Ecclesiae
893 3471 901 3528 l
916 3452 988 3515 sed
1023 3452 1114 3516 etiarn
1141 3455 1259 3532 adulte·
1304 3465 1376 3513 esse
1391 3467 1675 3533 papamromannm
1690 3454 1793 3517 solum
1814 3447 2150 3533 episcopum·omniun

389 3536 716 3614 anastasianam
739 3544 830 3613 capnt
844 3536 904 3599 sibi
931 3534 1144 3597 constituisse.
1172 3536 1259 3599 Sicut
1303 3532 1523 3596 Ecclesiarum:
1547 3542 1620 3597 sunt
1634 3536 1716 3597 enim
1739 3543 1770 3598 et
1791 3536 1843 3599 alii
1857 3539 1920 3600 reri
1944 3540 2092 3617 episcopi,
2107 3538 2150 3617 qui
2187 3558 2188 3611 l

353 3648 359 3661 ·
389 3638 463 3698 ergo
478 3620 661 3682 horatianos
677 3618 733 3679 init
745 3623 840 3696 'capnt
855 3619 992 3679 omnium
1006 3615 1254 3698 Neratiaaorum,
1304 3621 1420 3693 partem
1432 3633 1518 3679 snam
1531 3618 1697 3696 regendam
1710 3624 1916 3699 susceperunt
1927 3618 2083 3683 Ecclesiae
2097 3623 2152 3682 nni-

388 3707 428 3764 ita
443 3702 603 3765 Cornelius
617 3702 674 3763 init
685 3707 776 3778 caput
790 3702 927 3764 omnium
950 3699 1183 3762 sntlrnlicornm.
1303 3698 1508 3777 versalis3non
1526 3708 1626 3763 amen
1641 3706 1725 3765 recta
1738 3702 1971 3781 colligiturpon
1989 3719 2058 3767 esse
2069 3717 2153 3766 rama·

431 3785 515 3847 ldem
533 3785 587 3847 lib.
606 3786 634 3847 l.
652 3784 744 3861 epist.
760 3782 791 3853 8,
809 3786 846 3844 ad
870 3783 956 3862 pleb.
970 3780 1157 3857 universam
1172 3784 1257 3849 lieres
1301 3797 1380 3843 num
1394 3781 1570 3859 pontiilccm
1584 3789 1718 3861 caputet
1730 3791 1883 3859 pastorem
1901 3785 2113 3865 episcoporum
2125 3804 2153 3847 n·

388 3884 477 3932 anm
489 3875 545 3933 est.
562 3873 592 3930 et
608 3866 749 3931 denotata
761 3880 850 3929 anas
868 3912 876 3938 ‚
893 3872 924 3929 et
947 3878 1020 3927 aaa
1033 3865 1179 3929 Ecclesia
1194 3874 1257 3943 ,et
1302 3863 1465 3938 malumst
1476 3866 1605 3944 proinde
1621 3866 1712 3928 etiam
1723 3866 1881 3931 Ecclesiae
1894 3869 2153 3949 universaemuau·

386 3950 554 4013 ‘cathedra
565 3966 638 4014 aaa
658 3964 758 4029 samer
777 3947 910 4011 Petram
929 3948 1062 4010 Domini
1081 3964 1157 4012 noce
1177 3950 1256 4027 fan·
1300 3946 1470 4024 donuinam
1486 3964 1567 4026 pars.
1590 3964 1669 4027 quae
1685 3950 1744 4027 ipsi
1766 3950 2079 4029 regendaconrmissa
2100 3959 2147 4027 est,

390 4036 482 4098 dcta.
504 4034 600 4096 ltliad
620 4032 724 4095 altars
746 4033 920 4106 constitui,
956 4038 1014 4092 nat
1033 4034 1256 4097 sacerdotium
1300 4044 1372 4091 eum
1388 4030 1488 4092 losum
1505 4030 1598 4094 habet
1612 4031 1643 4091 iu
1660 4031 1906 4111 Ecclesiaquem
1921 4031 2016 4097 habet
2029 4032 2110 4097 radis
2122 4033 2148 4094 in

389 4133 512 4179 amma
531 4115 629 4195 fiai,
658 4121 790 4196 praeter
814 4130 920 4176 anam
932 4115 1074 4185 altare,
1098 4122 1128 4177 et
1148 4130 1256 4181 anam
1300 4111 1559 4191 arbore‚capulin
1574 4114 1869 4191 carcasonensis
1884 4116 2147 4195 aquarumritulis.

386 4200 698 4263 saranatiamnaa
717 4203 831 4279 polest.
851 4195 1002 4278 Ωειεᾳ-ιιιε
1022 4196 1104 4259 olibi
1124 4198 1257 4279 collaps-
1344 4195 1388 4257 ln
1410 4194 1678 4258 secundumdico:
1696 4195 1892 4277 Cypriacam,
1923 4212 1995 4261 cum
2023 4202 2074 4273 sil.
2101 4198 2148 4261 lle·

388 4284 443 4354 rit,
459 4282 594 4361 spernit.
1303 4278 1427 4341 minem
1440 4293 1475 4341 se
1487 4278 1594 4355 ianae
1609 4280 1796 4357 apmcopam
1816 4282 2052 4360 maceratam,
2077 4279 2150 4361 loqui

427 4365 484 4427 llic
500 4378 575 4425 sarra
596 4362 677 4425 sicul
691 4363 774 4425 licus
788 4378 871 4424 unns
885 4367 934 4424 est
949 4366 979 4423 et
994 4360 1136 4425 christus
1150 4380 1251 4442 snus,
1301 4360 1341 4421 de
1356 4360 1405 4433 iis,
1423 4360 1474 4440 qui
1490 4360 1521 4421 in
1539 4358 1676 4423 Concilio
1692 4363 1745 4425 illo
1760 4362 1989 4441 carthaginensi
2004 4370 2148 4437 cranenco

386 4453 417 4506 et
432 4447 568 4508 Ecclesia
585 4462 643 4506 una
666 4461 796 4507 numero
819 4461 881 4506 non
892 4444 1012 4522 specie:
1035 4446 1074 4505 ita
1091 4452 1122 4507 el
1150 4447 1254 4519 eatba-
1299 4441 1416 4505 includi
1433 4458 1468 4505 ea
1484 4442 1637 4505 sententia
1653 4460 1812 4507 romanum
1826 4444 2015 4524 pontillscm,
2043 4450 2090 4526 qni
2106 4461 2148 4507 ts·

388 4530 441 4588 dra
461 4546 518 4590 rrua
532 4534 580 4591 est
595 4543 735 4602 numero,
750 4530 841 4603 idest,
858 4530 1004 4590 satiredrn
1023 4529 1175 4608 quaedam
1189 4531 1253 4592 sin·
1302 4538 1336 4586 re
1352 4531 1400 4586 est
1415 4528 1585 4605 episcopus
1601 4525 1832 4605 episcoporum,
1842 4535 1874 4589 et
1887 4536 1974 4607 pater
1987 4535 2112 4609 patrum,
2125 4532 2152 4589 ut

385 4612 513 4685 putaris,
536 4616 719 4690 cunctatam
735 4611 906 4673 Ecclesiam
929 4612 1039 4685 docet,
1064 4616 1096 4673 ct
1126 4610 1178 4673 illa
1207 4619 1256 4674 est
1295 4604 1378 4680 ,inira
1394 4608 1606 4680 ostendemus,
1621 4612 1742 4673 cnmde
1756 4610 2003 4691 titulisagemus.

385 4694 464 4755 Petri
483 4741 490 4759 .
513 4702 595 4756 extra
619 4710 710 4773 quam
734 4695 922 4774 quicumque
948 4692 1088 4771 colligit,
1118 4695 1250 4773 spargit.
1339 4690 1384 4751 Ad
1401 4690 1474 4752 illud
1491 4692 1572 4768 quod
1589 4692 1640 4763 ait,
1655 4692 1837 4770 episcopum
1855 4710 1915 4757 aaa
1932 4710 2026 4772 posse
2038 4690 2145 4774 judica·

383 4776 525 4857 lienique
548 4777 601 4839 lib.
625 4776 656 4837 l.
680 4780 772 4855 epist.
802 4774 833 4838 8.
858 4778 967 4837 iterum
989 4782 1077 4836 accat
1092 4792 1249 4840 romanam
1296 4769 1321 4833 ri
1339 4772 1396 4834 nisi
1413 4791 1429 4834 a
1444 4772 1517 4846 lies,
1534 4774 1643 4837 sicula
1660 4776 1727 4838 salo
1749 4775 1815 4837 Deo
1841 4776 2047 4853 constituitur,
2075 4774 2144 4837 dien:

385 4858 555 4924 Ecclesiam
577 4859 710 4923 radicem
732 4859 934 4937 assistricem
951 4858 1121 4921 arttroticae
1141 4858 1249 4922 Eccie·
1296 4853 1427 4934 intelligi
1440 4856 1555 4918 debere
1567 4856 1597 4917 in
1612 4856 1707 4920 rebus
1722 4857 1825 4921 dubiis
1839 4864 1871 4921 et
1884 4860 2027 4935 occultis3
2053 4856 2095 4921 sic
2119 4872 2146 4917 e·

383 4933 460 5004 siaa.
1296 4935 1360 4997 nim
1373 4938 1499 5015 exponit
1514 4938 1545 5000 b.
1559 4939 1749 5017 Augustinus
1765 4941 1819 5003 tib.
1836 4940 1923 5019 Epis
1939 4942 2025 5021 Eept.
2046 4956 2108 5019 sap.
2120 4938 2145 5000 3.

427 5028 461 5087 tt
476 5026 627 5107 abjiciunt
648 5024 825 5088 adversaii.
848 5022 949 5084 Primo
970 5021 1082 5084 librum
1105 5020 1249 5099 Cypriani
1296 5034 1365 5081 narn
1383 5019 1430 5084 his
1442 5020 1544 5083 serbis
1558 5020 1699 5099 Cypriani
1715 5022 1861 5093 recitatis,
1882 5022 2025 5103 *Opimam
2042 5022 2139 5098 inanit,

383 5109 422 5171 ds
445 5110 521 5171 uait.
540 5108 624 5168 liccl.
641 5108 691 5168 ubi
706 5110 752 5171 sic
767 5108 818 5168 ait:
842 5107 1056 5184 Episcopatus
1076 5120 1166 5167 aare
1188 5111 1246 5177 cst,
1294 5102 1395 5165 iahia
1407 5104 1665 5183 assationibus.
1682 5121 1768 5184 qaae
1781 5107 1932 5171 modam
1947 5104 2140 5189 'eliquatissi-

383 5193 476 5275 crrjns
491 5210 513 5254 a
525 5191 664 5267 scapulis
677 5192 716 5254 in
729 5192 872 5254 saliatem
897 5205 976 5269 para
998 5194 1136 5258 terrebar.
1165 5186 1248 5267 Erga
1293 5188 1579 5263 maperspectinne
1594 5188 1762 5251 discissae
1774 5196 1852 5251 saal
1866 5194 1925 5253 ato.

383 5292 443 5336 aaa
458 5282 505 5336 cst
520 5290 600 5335 sarrs
615 5269 782 5352 episcopus
800 5273 891 5334 tertius
909 5271 1087 5333 Ecclesiae.
1105 5273 1248 5332 securim
1336 5266 1392 5329 Ubi
1410 5269 1513 5343 docnt,
1531 5268 1715 5349 Cypriacam
1730 5270 1905 5352 significare
1921 5272 2066 5341 voluisse,
2085 5268 2135 5329 sin·

382 5358 638 5436 abjirinatcpist.
653 5357 796 5437 cypriani
825 5355 863 5415 nd
881 5355 984 5427 Quint.
1002 5354 1055 5415 ubi
1078 5350 1248 5431 Cyprianus
1294 5350 1383 5427 gulos
1396 5352 1560 5430 episcopos
1576 5352 1607 5413 in
1623 5350 1772 5425 Concilio,
1800 5354 1875 5415 dum
1904 5370 1954 5417 res
1980 5351 2137 5421 discutitur,

382 5456 413 5499 in
430 5442 566 5504 carralia
593 5439 746 5508 residens,
762 5440 814 5500 ait:
841 5437 949 5517 Nepae
970 5438 1058 5497 enim
1073 5438 1249 5515 cabasam
1294 5448 1388 5511 posse
1403 5433 1502 5497 libers
1519 5437 1701 5501 sententlam
1717 5452 1805 5501 susm
1820 5438 1936 5509 dicere,
1968 5452 2026 5499 nes
2039 5434 2141 5497 dehere

379 5533 527 5587 arnstrnm
537 5527 723 5606 episcopam
743 5540 777 5586 sc
805 5536 871 5582 ease
893 5521 1117 5598 miseopnram
1132 5519 1249 5581 comta
1295 5516 1642 5596 apraesidetyraanisa
1657 5519 1774 5599 cogiad
1789 5536 1876 5581 suam
1888 5521 2078 5587 sententiam,
2093 5532 2141 5574 aa·

380 5610 451 5684 irat,
465 5616 523 5669 aat
534 5610 697 5673 tir-aaaino
710 5615 831 5671 terrore
842 5606 887 5666 acl
901 5602 1099 5681 obsequendi
1111 5602 1249 5663 annasi-
1296 5603 1419 5676 tecuam
1447 5598 1588 5677 quaestio
1613 5600 1738 5665 delinita
1761 5602 1811 5663 sit.
1839 5602 1912 5665 Eam
1936 5602 2017 5680 qnod
2037 5596 2138 5675 alioqui

380 5697 479 5753 tatem
493 5693 630 5768 collapso
643 5708 719 5755 sans
734 5690 848 5766 adipis,
861 5686 996 5767 quando
1011 5684 1127 5749 babeat
1141 5685 1247 5751 narnis
1295 5680 1393 5758 possit
1414 5681 1552 5761 pontifex
1578 5682 1717 5761 judicare
1743 5690 1774 5763 et
1802 5684 1960 5763 deponere
1991 5682 2140 5764 episcopos

379 5776 614 5852 episcopaspio
629 5776 761 5837 lieentia
772 5771 926 5834 libertatis
941 5775 971 5831 et
983 5769 1147 5845 potestatis
1166 5782 1248 5827 stone
1296 5764 1479 5832 tracrcttcns.
1496 5766 1541 5827 vel
1559 5766 1773 5831 schismaticas
1799 5768 1981 5833 manifestos
2005 5769 2081 5846 patet
2106 5776 2141 5823 ex

383 5856 556 5932 albiniana
566 5859 747 5934 propriam,
765 5862 926 5939 tanquam
945 5852 1100 5931 yadinarr'.
1123 5849 1164 5910 ab
1179 5849 1246 5909 alio
1294 5845 1349 5939 lib.
1367 5844 1397 5907 3.
1414 5847 1505 5925 epist.
1525 5848 1573 5909 tn.
1590 5849 1627 5909 ad
1651 5848 1838 5927 Stephanum
1869 5868 1988 5929 papam,
2016 5848 2065 5911 ubi
2091 5842 2140 5922 (ly-

378 5956 446 5999 nou
459 5941 569 6017 possit,
583 5955 658 6013 etant
669 5934 919 6018 necipsnp'ntest
933 5936 1072 5997 atterunt
1080 5934 1246 6013 indicare.
1294 5944 1420 6007 prrnaus
1432 5946 1502 5991 cum
1518 5931 1663 6001 lrurtatur,
1678 5938 1711 5991 ut
1722 5931 1832 6010 jubeat
1845 5934 1960 6011 deponi
1974 5932 2141 6011 episcopam

379 6022 444 6082 Scri
465 6026 669 6101 respectemus
689 6023 836 6085 caerensi
845 6020 1012 6100 prodiciam
1039 6015 1168 6077 Domini
1188 6028 1247 6074 aa·
1293 6012 1508 6087 arelatensem,
1525 6020 1556 6075 el
1571 6014 1663 6074 alium
1678 6015 1821 6079 antistitui
1838 6016 1906 6094 ejus
1923 6018 2001 6079 loeo.

379 6109 437 6170 stri
451 6108 527 6170 lasa
550 6107 675 6181 Christi,
701 6106 765 6188 qai.
779 6120 867 6167 anas
889 6110 918 6165 sl
937 6102 1025 6163 solas
1046 6098 1140 6162 habel
1160 6102 1247 6175 pots·
1333 6093 1495 6177 Secundus
1511 6094 1638 6175 spartus
1650 6095 1790 6179 Cypriaci
1803 6095 2138 6177 sententiamsequitut,
