4792 7009
1015 655 1294 768 rrnnnrsnuts·
1907 707 1958 762 sn

272 855 337 908 vere
360 835 490 900 transire
510 847 580 898 cum
596 852 675 915 pens
689 836 729 898 de
745 853 834 902 manu
849 839 887 902 ad
901 855 948 912 cs,
965 839 1003 902 ds
1018 857 1072 903 crs
1086 843 1124 908 sd
1211 834 1421 904 Tircoiotctus
1439 838 1520 902 Eiet.
1537 840 1567 904 2.
1584 841 1698 917 lnior,
1714 839 1821 922 inquit,
1839 858 1954 922 consus
1970 842 2028 906 lto·
2126 897 2132 908 .

190 939 194 954 ·
274 921 471 992 stomachum,
494 921 566 999 arria
584 939 650 982 nun
667 923 907 1000 potcstnorsri,
923 939 992 986 onor
1009 921 1124 988 iitubi·
1168 919 1327 985 miniatum
1346 922 1892 1004 sumenitenidsmacorraptione
1908 933 1937 992 at
1953 927 2030 996 into.

189 1021 194 1036 ·
273 1024 342 1088 qun
364 1017 439 1080 ergo
454 1004 553 1064 sotnrn
567 1004 599 1068 in
615 1005 715 1067 cossus
731 1003 971 1084 Enristicorpus
983 1006 1024 1072 sit
1038 1023 1125 1085 prae-
1168 1001 1238 1067 rita
1259 1003 1418 1076 nissum,
1434 1011 1465 1075 at
1479 1005 1668 1084 impatibile,
1684 1011 1715 1068 st
1727 1007 1919 1085 imrmrtate,
1937 1017 1965 1071 ει
1980 1011 2029 1074 cti

190 1100 191 1123 ²
271 1106 341 1154 scos
353 1091 387 1148 et
399 1086 599 1152 manducatur
612 1087 849 1168 perencrglurn,
866 1093 972 1152 et-noo
989 1105 1045 1168 par
1058 1105 1124 1154 rea·
1168 1085 1251 1147 vitta
1269 1086 1374 1165 plorto
1387 1086 1613 1167 salonitatum,
1631 1095 1659 1150 ot
1674 1089 1890 1156 connectens
1910 1094 2029 1156 acorn-

271 1176 327 1236 tera
342 1169 559 1247 sumptionem.
962 1169 966 1175 ’
1170 1171 2032 1254 impensionem:eorpmtomsnest,ettsccetouour

308 1251 410 1325 vides,
436 1255 590 1328 quomodo
614 1251 778 1316 Luttrersni
804 1257 834 1314 st
857 1252 1023 1328 Brcutioot,
1051 1253 1125 1316 dum
1166 1251 1263 1328 prices
1277 1251 1390 1316 habuit
1403 1255 1742 1333 assumseriptianem.
1756 1253 1879 1318 Etiiisl.
1894 1255 1924 1316 3.
1937 1260 2031 1337 tiqui

271 1334 654 1415 earrrnrsrasoppugnann
669 1335 729 1398 litis
744 1337 855 1398 tarent.
871 1343 903 1398 st
917 1342 1016 1400 tanna
1031 1337 1125 1398 Brea·
1168 1338 1241 1411 pon
1268 1338 1543 1408 resurrectionem,
1573 1338 1682 1415 innuit,
1707 1337 1814 1401 uisum
1836 1344 1881 1399 est
1895 1340 2031 1405 arcum-

269 1421 327 1482 tius
349 1418 382 1479 in
403 1433 460 1480 suu
471 1415 665 1481 Testamenta
679 1427 839 1482 execrator
852 1418 1123 1498 Sacramentarios
1169 1417 1336 1494 mnptnn,
1354 1419 1513 1488 anabau
1521 1435 1652 1493 ameum,
1667 1421 1815 1498 nipedes,
1827 1427 1855 1483 et
1867 1421 1950 1484 alios
1964 1438 2031 1486 cor·

189 1510 191 1549 t
271 1518 326 1565 nec
342 1499 790 1579 potituruilumlocusreisin
806 1499 944 1564 Ecclesia
959 1501 1036 1566 duri.
1167 1500 1259 1576 poris
1278 1507 1397 1577 portes,
1427 1509 1456 1568 et
1480 1504 1573 1582 tanai
1594 1508 1730 1582 putenm,
1752 1503 1853 1567 essct
1869 1512 2032 1582 aspectum

1170 1580 1317 1654 cadebat,
1343 1585 1544 1666 animaque
1568 1594 1599 1652 ει
1620 1587 1784 1654 cicatrices
1798 1585 1934 1650 meabat
1948 1587 2032 1654 siant

1171 1669 1247 1724 anic
1262 1669 1539 1730 resurrectionem.
1555 1668 1701 1730 Diuorum
1712 1684 1786 1745 erpo
1800 1669 1936 1731 aiterum
1949 1671 2033 1732 dioe-

584 1749 699 1813 cisun
720 1750 797 1812 xlv.
1169 1761 1206 1810 re
1220 1761 1346 1809 ccccmo
1359 1756 1412 1824 est,
1424 1751 1615 1820 neliitinae
1626 1753 1875 1816 stiornnaturoe
1888 1752 2032 1832 caspar·

357 1881 361 1886 .
658 1857 661 1862 ν
1117 1882 1121 1896 ,
1171 1837 1216 1891 tes
1241 1828 1366 1903 habuit,
1395 1832 1446 1894 oct
1470 1833 1566 1911 lateri
1591 1849 1707 1913 corpus
1728 1835 1885 1897 mansisse
1900 1835 2032 1899 insane

340 1912 509 1991 Eefdtitnr
525 1914 687 1996 Ueianios
701 1916 891 1979 testimoniis
904 1916 1051 1980 Petrum.
1170 1918 1311 1975 natarac
1324 1911 1454 1992 niumm.

567 2016 570 2022 ·
924 2050 927 2058 ,
1212 1994 1275 2056 Lco
1287 1993 1386 2058 Serus.
1402 1997 1433 2059 2.
1450 1997 1489 2060 de
1504 1999 1630 2060 isacus:
1646 1995 1817 2078 ineffabili.
1841 1999 1949 2079 inquit,
1966 2017 2033 2063 mo·

306 2079 425 2158 Pugnat
439 2079 545 2143 ultima
557 2080 716 2160 Ubiqoitas
731 2093 801 2144 cunr
816 2080 959 2146 omnibus
973 2081 1125 2148 Patribus,
1171 2077 1214 2143 aa
1238 2077 1526 2155 permansionem
1542 2082 1644 2158 coepit
1667 2097 1734 2144 esse
1747 2081 1916 2146 aeumlao
1938 2099 2033 2162 prce·

267 2161 299 2223 S.
316 2162 495 2225 Ambrosius
510 2165 563 2225 lin.
579 2166 611 2226 2.
626 2164 666 2225 ds
680 2162 748 2225 Fid.
764 2178 833 2238 cup.
848 2162 882 2226 i.
908 2165 1013 2243 lenae
1026 2167 1125 2236 enim,
1170 2162 1304 2233 sontior,
1329 2163 1387 2242 qai
1410 2162 1513 2240 loona
1534 2167 1579 2228 est
1593 2163 1795 2226 humanitate
1811 2163 2031 2246 loaninqutor.

266 2246 380 2322 innuit,
395 2244 480 2308 uera
492 2247 532 2309 de
547 2248 616 2308 ineo
627 2247 672 2308 ca
684 2247 926 2319 tuonmtramit
938 2248 1129 2329 quintiano
1173 2243 1337 2322 Gregorius
1353 2247 1435 2308 horn.
1452 2246 1503 2310 es.
1519 2261 1598 2324 aune
1610 2247 1706 2310 asico
1718 2245 1845 2311 iissem:
1859 2247 1918 2308 lito
1929 2265 2035 2312 reuer-

264 2343 392 2406 scmper
420 2335 476 2390 ast:
503 2331 659 2402 stimmo,
677 2330 1125 2410 estonincaitipseqaiss
1172 2326 1310 2400 teactae,
1327 2329 1437 2406 innuit,
1453 2328 1605 2404 abierat,
1622 2328 1896 2402 etinaoretlibat,
1912 2330 2034 2394 abire·

263 2412 326 2481 nit,
347 2411 489 2491 canique
506 2421 537 2475 et
550 2412 632 2475 alibi
647 2413 738 2487 aieit3
755 2409 883 2490 mopso
898 2429 1021 2477 eomas.
1037 2413 1078 2477 in
1090 2432 1128 2478 co
1170 2409 1335 2482 marabot,
1350 2413 1429 2490 quia
1444 2429 1517 2474 eran
1530 2429 1589 2490 per
1599 2412 1836 2478 truncanitctem
1849 2415 2037 2482 meanderet

265 2507 342 2572 erpo
356 2494 448 2556 nodi
461 2501 492 2558 ει
503 2498 592 2558 omit
606 2497 694 2575 qaod
708 2499 753 2558 est
766 2510 936 2562 comamm
946 2496 1125 2561 nobiccum.
1171 2492 1210 2556 in
1224 2493 1359 2566 coelum,
1373 2511 1434 2573 per
1447 2495 1651 2564 diuinitatem
1663 2511 1760 2561 nram
1772 2500 1800 2556 et
1815 2497 2034 2574 tnmmpors

264 2574 400 2655 cyrillus
415 2577 705 2657 hierosolymitanus
716 2575 839 2640 Centenis.
858 2577 907 2642 tt.
924 2579 953 2642 in
970 2579 1044 2641 ine:
1058 2579 1128 2644 Non
1171 2582 1221 2642 ter·
1235 2576 1428 2647 continebat,
1445 2585 1473 2642 ει
1486 2578 1620 2648 naalma.
1635 2577 1762 2656 vigilius
1774 2577 1828 2643 lib.
1844 2579 1872 2646 t.
1883 2587 1965 2642 cont.
1976 2579 2034 2642 Eu-

261 2659 366 2732 enirn,
394 2658 505 2736 inquii
522 2663 603 2740 qaia
615 2677 705 2723 ncnc
719 2675 788 2721 nan
802 2660 893 2722 caen
904 2663 944 2725 in
957 2677 1070 2735 carne,
1083 2680 1128 2727 eos
1169 2659 1269 2737 tyois:
1291 2658 1355 2724 Sei
1370 2665 1398 2721 et
1412 2660 1580 2725 mmccccl
1595 2669 1649 2728 est,
1667 2664 1777 2737 innuit,
1794 2667 1823 2722 ει
1833 2677 1902 2724 nors
1917 2669 1960 2726 cst
1974 2678 2032 2727 no»

261 2753 300 2801 eo
325 2745 423 2819 putes
448 2745 537 2821 quon
559 2744 677 2822 spiritu
686 2742 792 2803 monio
808 2741 859 2804 irie
873 2759 941 2806 non
955 2747 1051 2816 nant,
1068 2762 1127 2808 an·
1170 2739 1307 2813 insum,
1333 2745 1413 2820 ocio
1431 2760 1512 2823 quos
1526 2745 1666 2822 retinnit,
1680 2749 1710 2806 et
1724 2759 1745 2808 c
1759 2741 1875 2822 acilus
1889 2745 2033 2808 siscensis

260 2823 361 2884 ciens
383 2839 468 2903 anae
493 2827 533 2886 aa
551 2825 609 2887 itta
634 2827 799 2891 dicantar.
822 2827 977 2889 cinisem
991 2844 1078 2907 qnae
1092 2837 1128 2893 iu
1172 2823 1375 2888 immanitate
1389 2841 1462 2901 suso,
1478 2843 1547 2890 non
1560 2827 1702 2908 enimait,
1715 2827 2033 2905 montemoranci-

261 2907 402 2982 eopitcs.
420 2913 449 2969 ot
460 2913 609 2970 saumas
623 2924 716 2970 rencs
728 2913 760 2969 ει
775 2909 886 2971 coroa.
903 2909 935 2970 8.
950 2909 1127 2988 consata
1171 2908 1306 2970 oinitcto
1320 2925 1393 2970 sua.
1409 2909 1471 2972 Per
1484 2909 1623 2986 somnam
1637 2909 1726 2972 errius
1740 2911 1833 2979 serni,
1850 2925 1950 2987 quarn
1964 2910 2050 2971 absi

241 2991 245 2997 '
260 3001 334 3048 mus
347 2987 380 3048 in
395 2987 471 3050 iiiuc
485 2989 532 3052 io.
550 2990 580 3051 3.
598 2989 692 3051 iilius
707 2988 850 3063 hortinis,
868 2991 919 3073 ani
935 2999 981 3053 est
995 2995 1026 3054 in
1039 2995 1127 3056 conio
1169 2991 1247 3052 ttulit
1262 3007 1282 3054 a
1296 2991 1391 3054 scobis
1405 2995 1443 3056 in
1458 2993 1593 3054 cocitum
1604 2991 1718 3058 assem
1730 2999 1774 3054 cst
1785 2991 1888 3066 scobis
1900 3009 1960 3070 pot·
1970 2993 2033 3069 iore

260 3076 325 3130 etc.
344 3069 417 3134 Non
431 3088 573 3147 corneus,
591 3075 700 3151 inquit,
715 3074 1128 3139 sumarrsinorisnttstnntia
1172 3086 1262 3136 marn
1286 3074 1355 3148 ilci,
1381 3091 1467 3153 quas
1491 3091 1560 3140 nors
1583 3076 1703 3140 recedit
1727 3095 1749 3134 a
1769 3074 1861 3144 caiis
1875 3077 1913 3138 in
1929 3078 2033 3148 terris,

261 3157 370 3214 latrem
390 3155 533 3232 seipsum
546 3157 747 3218 contaminat
771 3153 954 3218 Rutlinusin
970 3158 1075 3236 symb.
1091 3162 1127 3221 l·
1170 3172 1328 3235 praessns
1356 3163 1401 3220 est
1424 3157 1529 3222 noim.
1554 3157 1590 3220 Et
1611 3159 1666 3224 tin.
1682 3157 1713 3218 l.
1731 3157 1862 3230 caterno,
1880 3159 2036 3236 iniquitas·

259 3235 393 3296 scandit
417 3251 504 3314 erpo,
524 3237 635 3316 inquit.
650 3240 696 3300 oc
709 3238 823 3300 comos.
837 3253 907 3301 non
919 3239 978 3302 aii
997 3241 1129 3304 leriam
1177 3239 1278 3310 Verbi,
1305 3245 1335 3304 et
1360 3241 1469 3308 curnis
1494 3247 1701 3322 manatura
1715 3246 1769 3302 cst.
1785 3243 1946 3317 annuncio
1961 3257 2037 3306 eura

259 3319 348 3378 Deras
365 3320 652 3396 antenominati,
670 3323 789 3401 quippe
802 3323 861 3398 oui
875 3327 1081 3404 eratsempcr
1091 3326 1128 3386 in
1178 3323 1311 3387 Variam
1322 3322 1441 3403 sibique
1455 3325 1506 3400 sit,
1522 3339 1590 3386 nors
1606 3323 1724 3402 mique
1738 3325 1926 3387 inscrutatur·
1942 3331 1971 3387 el
1984 3341 2037 3390 ca·

259 3399 376 3474 coetis,
392 3402 521 3465 secali
540 3403 670 3467 tabum
683 3421 759 3466 mro
770 3404 903 3482 sactum,
917 3411 1127 3470 anianense
1172 3407 1231 3469 ro?
1253 3421 1396 3484 nuncque
1420 3408 1553 3486 qnando
1572 3407 1610 3468 in
1624 3413 1711 3468 terra
1724 3406 1797 3482 licit,
1812 3413 1961 3470 sinuarat
1975 3409 2038 3470 uti·

259 3483 373 3545 derat.
1173 3503 1237 3566 pue
1261 3489 1298 3550 in
1323 3490 1422 3558 coelo,
1450 3497 1478 3553 ει
1492 3504 1582 3556 nunc
1597 3491 1676 3568 puio
1690 3490 1727 3552 in
1739 3489 1825 3552 coeto
1839 3494 1894 3562 est,
1910 3497 2037 3554 nonest

302 3565 498 3644 Augustinus
522 3573 609 3630 tract.
633 3567 683 3630 ts.
701 3570 734 3630 in
746 3569 809 3632 ios
826 3569 891 3633 Seii
904 3587 926 3632 a
940 3571 1069 3649 eninm.
1083 3571 1128 3633 in·
1173 3571 1286 3648 atique
1301 3571 1338 3634 in
1353 3577 1451 3636 terr-c.

260 3647 345 3723 nuit.
363 3649 460 3711 homo
475 3649 675 3732 amendabat,
690 3652 774 3715 licus
787 3668 857 3716 nan
870 3654 1125 3734 derelinquebat,
1216 3654 1396 3728 Euipcnttus
1411 3655 1466 3716 tiu.
1482 3654 1513 3716 2.
1531 3654 1567 3718 ed
1580 3653 1772 3718 Ernsirunnsl.
1786 3670 1854 3732 cup.
1871 3653 1919 3716 lt.
1937 3654 2033 3721 ilum.

263 3735 296 3791 ct
309 3731 407 3793 wem
419 3733 490 3810 ipsc
507 3732 646 3796 Cirriststs
659 3734 753 3796 homa
767 3742 797 3796 et
810 3734 906 3799 Dens.
922 3737 1006 3814 Erpa
1019 3739 1130 3801 st-ibat
1171 3736 1435 3816 inquisitumque
1448 3739 1627 3803 ammutium
1638 3737 2039 3806 truncacossutstcmtam

254 3829 323 3890 per
348 3815 391 3876 ia
410 3817 499 3894 quon
513 3817 606 3877 nomo
621 3824 700 3890 mat,
718 3823 747 3880 et
758 3818 1028 3896 mmiebatperici
1041 3824 1130 3901 panc
1173 3819 1291 3882 absens
1312 3822 1397 3882 cacto
1416 3836 1493 3882 caru
1508 3822 1637 3884 oscetin
1653 3829 1749 3890 terro,
1767 3828 1796 3884 et
1810 3819 2036 3899 (imminemus

256 3895 353 3957 neus
370 3905 451 3960 erat.
467 3897 538 3960 ibat
548 3913 610 3976 per
620 3900 658 3961 ici
671 3901 835 3980 arminio
848 3902 915 3962 loco
927 3908 1006 3971 erat,
1018 3919 1128 3966 mane-
1173 3907 1383 3968 terraneam
1397 3904 1590 3966 commosset
1598 3903 1637 3966 in
1648 3904 1783 3974 motum,
1796 3903 1974 3966 seeundum
1986 3905 2039 3968 di·

258 3978 320 4039 not
330 3979 671 4061 permanentiam
680 3989 761 4052 erat
773 3982 811 4044 Et
820 3982 910 4060 epist.
924 3983 974 4045 st.
987 3984 1023 4044 ad
1036 3985 1128 4049 Earn.
1174 3987 1288 4052 ninmu
1300 4001 1374 4050 ucr‘o
1389 3987 1642 4064 inaniensumone
1655 3983 1882 4057 sumariam
1896 3999 1957 4050 noa
1966 4001 2034 4052 cae·

258 4059 339 4124 Non
355 4068 406 4124 cst
415 4070 524 4124 annm
534 4078 742 4143 consequens,
755 4065 864 4142 inquit.
877 4071 914 4126 ct
923 4069 1058 4142 qrsoain
1067 4068 1131 4132 lisa
1177 4068 1246 4129 tusa
1259 4067 1419 4129 sinistans
1432 4085 1505 4130 cum
1516 4070 1555 4128 cto
1567 4068 1652 4129 coeio
1665 4069 1839 4143 descendit,
1848 4080 1908 4130 nec
1920 4075 2040 4137 taram

258 4152 321 4214 est,
339 4145 393 4205 ito
405 4145 447 4207 sit
459 4146 583 4225 nmque
595 4153 632 4208 at
645 4145 742 4210 licus:
755 4163 836 4209 cam
851 4154 880 4208 et
892 4149 931 4210 de
942 4149 1136 4214 noiismra
1172 4151 1326 4214 aestercus
1341 4167 1415 4214 cuns
1429 4153 1475 4214 att
1490 4151 1613 4212 nocturn
1626 4151 1783 4216 ascendit.

259 4227 407 4288 sisciam
417 4225 684 4306 scripseramne
698 4229 894 4310 almainitic
905 4232 1054 4302 motum,
1066 4251 1134 4297 nso·
1221 4233 1265 4292 Aci
1282 4232 1358 4296 haee
1374 4234 1544 4295 testimonio
1560 4233 1728 4310 respondet
1742 4231 1913 4298 Kernnitius
1928 4232 1983 4299 lib.
1999 4231 2038 4296 nc

256 4325 386 4374 semper
414 4317 656 4386 ascomannos
670 4319 780 4375 tamen
792 4313 1070 4395 siectiiteatiquc
1081 4334 1135 4380 su·
1179 4314 1272 4377 duob.
1297 4323 1359 4374 suut.
1374 4331 1443 4389 einp.
1460 4314 1511 4378 30.
1528 4323 1558 4376 ει
1572 4317 1665 4379 multa
1681 4317 1766 4379 dicit.
1782 4315 1893 4386 Primo,
1912 4315 2038 4382 teucros

257 4407 352 4453 snos.
371 4394 432 4455 sea
445 4394 541 4455 alitor
554 4394 648 4456 ιιειηο
662 4396 719 4457 itte
732 4397 770 4459 in
782 4396 858 4463 Deo.
872 4398 1029 4473 qnoniam
1039 4400 1136 4464 otiter
1179 4396 1265 4478 loqui
1280 4404 1383 4458 anatra
1398 4397 1593 4462 Mauricianus
1607 4403 1638 4460 st
1653 4398 1868 4476 Eutychianos,
1886 4401 1936 4476 qui
1955 4397 2038 4468 Ehrl-

253 4481 289 4536 ει
315 4475 410 4536 Dans
434 4478 540 4539 iilein
554 4478 693 4544 inmisso.
708 4481 841 4556 proprio
857 4481 1001 4558 puniam
1015 4485 1135 4547 aa-sin·
1181 4480 1220 4542 sti
1245 4479 1459 4542 inmanitatem
1484 4481 1626 4545 rotabunt
1650 4481 1828 4550 conuersum
1852 4495 1922 4542 esse
1938 4483 1969 4542 in
1985 4479 2040 4546 iun·

256 4559 384 4634 pulcre
408 4561 517 4622 mocio
546 4560 616 4622 tina
639 4564 727 4624 onim
741 4576 881 4639 persona
900 4562 984 4624 Deris
998 4571 1028 4625 ct
1042 4565 1135 4628 inmo
1182 4563 1531 4628 mensnnr,cttltooalesn
1545 4562 1742 4628 diuinitatem.
1757 4563 1911 4637 Secundo,
1925 4565 2036 4628 ualuis·

256 4647 317 4711 est,
337 4649 370 4702 ει
386 4649 564 4722 utinamque
577 4649 622 4705 est
634 4659 723 4706 cans
738 4643 880 4706 caristus
894 4645 996 4715 lena,
1011 4647 1135 4727 nisique
1182 4659 1219 4710 sc
1230 4643 1332 4707 Pertres
1345 4645 1458 4719 dicore,
1474 4643 1582 4708 Christi
1594 4645 1810 4709 inmunitatem
1822 4661 1882 4708 uon
1894 4661 1964 4710 sssn
1974 4649 2040 4714 ubi·

256 4741 323 4802 per
337 4726 381 4786 ici
393 4729 486 4804 quaa
500 4723 584 4788 Dacis
595 4733 655 4803 est,
666 4728 704 4790 in
716 4728 801 4788 coma
813 4730 1137 4810 antarrpcriclqnoct
1183 4745 1243 4809 qus
1259 4728 1427 4792 sccunuum
1445 4732 1598 4792 usturrttos
1615 4743 1688 4792 suns
1699 4730 1913 4806 proprietates.
1927 4731 2038 4806 tostin,

260 4809 380 4868 toarno.
1181 4813 1285 4872 Patres
1309 4811 1400 4878 neiis,
1422 4809 1530 4878 Christi
1546 4811 1764 4880 numanitatis]
1781 4812 1950 4882 monadum
1969 4815 2041 4876 visi·

305 4889 672 4969 Cyn-situsaleuandrinns
686 4892 743 4952 lib.
757 4892 806 4952 tt.
822 4891 852 4954 io
864 4891 912 4954 in.
925 4908 994 4969 esp.
1007 4895 1059 4957 21.
1076 4897 1137 4958 lios·
1182 4888 1276 4953 bitcru
1293 4893 1415 4954 ioruumn
1434 4909 1494 4954 nou
1510 4908 1580 4956 esse
1595 4893 1710 4972 ubique
1723 4891 1875 4968 uitiosum,
1890 4911 1947 4962 uec
1959 4895 2039 4962 locs·

260 4972 398 5046 mactent,
416 4975 522 5052 inanit.
535 4974 1027 5054 discipatiabsoentiomctuisti
1037 4980 1137 5041 utico·
1182 4971 1261 5048 liter,
1292 4975 1562 5056 circumscriptae,
1576 4983 1609 5039 et
1623 4976 1811 5045 sonantior
1826 4991 1993 5047 nune>esse
2007 4980 2040 5042 iu

258 5056 370 5116 minis
393 5057 469 5118 dico
484 5057 581 5135 (Dens
596 5057 818 5138 animalique
832 5059 946 5138 adest),
961 5062 1140 5125 maltorum
1183 5058 1284 5122 tanis.
1952 5099 1957 5108 ·

259 5140 310 5199 cis
336 5140 629 5202 incommoaorcm
642 5157 793 5204 comeam
806 5139 964 5217 interam,
980 5159 1056 5206 nam
1068 5160 1138 5209 non
1194 5196 1197 5202 ,
1221 5143 1257 5202 tt
1276 5141 1353 5204 leuis
1368 5147 1441 5208 sunt
1455 5142 1531 5204 haec
1546 5139 1658 5209 omnin.
1672 5141 1743 5206 lictu
1759 5140 1841 5219 quod
1859 5141 1895 5202 nd
1911 5143 2039 5220 primurn
2152 5149 2156 5159 '

257 5221 414 5293 adesset,
430 5223 488 5301 pisi
502 5237 555 5286 eos
567 5231 672 5300 posset
686 5224 727 5286 ab
741 5221 890 5286 ommissis
899 5226 996 5288 omlis
1009 5243 1134 5302 emere,
1182 5223 1366 5286 soiuuoncrn
1381 5225 1498 5296 attinet:
1516 5239 1618 5286 rerum
1632 5223 1755 5300 quidem
1768 5231 1824 5296 est,
1837 5223 1940 5286 Patres
1953 5227 2038 5302 tonui

256 5307 320 5366 sed
345 5305 522 5383 oporteant
545 5321 614 5367 non
626 5307 732 5368 solnm
744 5309 782 5368 in
795 5321 928 5369 carnem
944 5307 1069 5384 ιιιειειι,
1085 5326 1138 5373 ne·
1176 5313 1285 5386 capua
1306 5305 1522 5387 Eutychianos,
1545 5309 1599 5370 ssd
1616 5321 1669 5370 eos
1685 5307 1743 5380 hoc
1758 5308 2038 5384 argumentaretu-

254 5403 340 5448 rarn
366 5388 475 5449 etiam
486 5389 526 5449 in
537 5386 691 5450 macen
705 5390 873 5464 respicere,
889 5404 974 5467 quae
988 5395 1137 5470 mannis
1180 5387 1259 5456 lunt,
1276 5392 1345 5468 auin
1361 5405 1429 5452 curn
1446 5388 1555 5453 Christi
1568 5405 1638 5452 caro
1650 5405 1712 5452 non
1725 5390 1764 5455 sit
1776 5388 1981 5466 ubiquosiout
1992 5391 2038 5452 di·

256 5471 372 5533 oeniis
387 5487 461 5533 non
476 5475 638 5533 cernatur.
655 5473 744 5532 aussi
755 5476 1137 5549 tamensempcrsnmma
1167 5470 1302 5548 .rinitas;
1316 5471 1492 5534 necessario
1506 5473 1666 5538 distinctus
1682 5477 1807 5534 natusne
1824 5486 1893 5532 esse
1910 5472 2035 5538 nonem:

256 5569 340 5614 cnm
353 5557 528 5631 potestate,
543 5567 604 5614 nee
617 5554 799 5632 quanquam
812 5558 857 5614 est
869 5559 1137 5636 quocprotn'iere
1180 5553 1233 5629 ani
1249 5569 1321 5629 erpo
1337 5554 1580 5632 secuturarum
1596 5553 1837 5626 fundamentum,
1851 5559 1941 5631 maus
1953 5571 2037 5622 esso·

258 5637 385 5713 possit,
405 5637 490 5713 qnin
504 5637 617 5697 onmia
628 5638 765 5715 repleat,
780 5643 810 5698 ει
823 5649 886 5715 qne
899 5639 975 5700 uelit
987 5648 1136 5718 peraque.
1180 5640 1263 5708 runt,
1285 5635 1394 5697 curisti
1410 5653 1532 5698 canneru
1549 5653 1618 5700 esse
1634 5636 1764 5714 ubiqus;
1779 5641 1883 5713 aperte
1898 5635 2036 5704 Patribus

257 5719 334 5780 lton
349 5719 448 5780 araim
461 5719 531 5780 mco
544 5724 603 5780 ant
617 5720 872 5782 alamannicus
888 5721 1136 5801 cironrmoripti·
1170 5725 1363 5796 remanant,
1379 5724 1410 5778 et
1425 5720 1553 5796 pruinae
1567 5736 1584 5782 a
1599 5719 1738 5784 Patribus
1752 5717 1942 5786 retollantur.
2054 5769 2057 5774 .

257 5801 339 5862 tritis
352 5808 488 5863 natura
501 5801 614 5866 mnino
627 5809 682 5864 est.
701 5803 806 5879 Qcare
820 5819 894 5866 enm
908 5801 991 5865 Desss
1003 5812 1032 5866 et
1042 5806 1136 5867 tomo
1222 5797 1362 5862 Secundo
1378 5800 1449 5867 iton
1463 5805 1575 5866 solutio
1590 5802 1681 5864 ninus
1696 5805 1743 5864 cst
1756 5801 1880 5864 seniis.
1895 5802 1966 5869 uun
1982 5802 2036 5868 Pu-

260 5885 1136 5967 ctsristnsccresitoponaitcosintcttcnisseinaffa·
1180 5887 1243 5942 tres
1270 5897 1330 5946 non
1352 5884 1506 5958 disputant
1529 5889 1566 5948 ute
1588 5883 1822 5964 proprietatibus
1845 5885 2032 5950 narnienses

259 5970 326 6031 rats
353 5967 491 6045 ammio
511 5972 663 6045 potestate
681 5984 751 6031 nna
766 5986 841 6034 stan
854 5972 900 6034 cis
912 5985 1038 6049 semper
1050 5971 1136 6048 fnlc-
1176 5963 1372 6039 caruisses
1388 5965 1567 6044 simpliciter
1581 5973 1704 6046 negant,
1722 5969 1803 6028 illurn
1819 5981 1889 6030 csse
1907 5968 2032 6046 uniens.

258 6067 356 6128 ram,
374 6049 616 6116 etiamsiearne
629 6050 761 6118 coesset.
1179 6047 1278 6113 Immo
1302 6046 1487 6142 Augustinus
1510 6049 1542 6112 in
1566 6050 1657 6132 epist.
1683 6049 1829 6194 ιιόιζειι.
1845 6065 1882 6113 ex
1896 6050 2035 6130 protnssn

1731 6159 1748 6193 ὑ

370 6323 389 6356 ἱ
