4792 7009
949 750 956 761 ‘
980 740 1073 801 titan
1093 740 1266 802 SECUNDUS
1335 754 1337 761 ⁴
1890 744 1943 801 teti

190 865 191 906 :
248 875 620 950 mdeaaninlneitnnt
634 873 791 951 orupntii
801 875 1108 953 praestitutisnaita
1154 875 1218 938 rias
1232 872 1376 937 omnibus
1405 876 1585 955 putrinretris
1610 892 1645 939 se
1669 877 1875 965 praepositam
1890 878 1985 943 tuisse
2003 893 2021 954 ,·

189 951 192 984 r
251 958 541 1039 praepoponere,
565 966 623 1021 aut
646 959 911 1036 praesumptione
925 960 1105 1021 uteremini.
1153 957 1348 1038 apertissime
1362 958 1563 1021 demorrstrnt.
1754 1012 1755 1015 ,
1986 998 1987 1001 ,

251 1049 286 1109 Et
300 1043 389 1105 irrirn:
406 1042 444 1103 Si
462 1042 554 1119 sorte.
572 1042 863 1118 irrnnitinteriprae
878 1038 937 1121 qui
950 1049 1109 1120 pennoni
1195 1039 1271 1102 ltern
1288 1040 1341 1105 ttu.
1358 1038 1389 1103 1.
1406 1041 1497 1119 epist.
1513 1042 1565 1103 iti.
1579 1041 1616 1104 od
1639 1042 1739 1119 spise.
1752 1052 1841 1113 'pron
1860 1045 2011 1107 Hellade:

252 1125 493 1206 deninjaribas.
509 1126 597 1205 qaod
611 1124 694 1185 nubsit
709 1170 717 1190 .
731 1126 894 1201 perieritis,
917 1134 1036 1187 autem
1047 1142 1108 1188 ne·
1153 1121 1307 1193 Pnitiam‚
1323 1121 1571 1205 inquilinorum
1588 1126 1686 1202 [ratri
1699 1132 1807 1192 noran
1821 1182 1825 1191 .
1839 1124 2016 1205 Corinthia:

248 1209 367 1280 reatin
390 1224 476 1287 pene
487 1207 685 1286 prouinciali
710 1213 852 1285 nequeat
876 1209 1030 1269 mantino
1054 1210 1108 1273 de·
1152 1222 1229 1273 nean:
1241 1206 1389 1285 episeopo
1403 1222 1463 1270 nos
1475 1208 1690 1270 transmisisse
1705 1210 1951 1286 aopnaeitaeui
1960 1227 2016 1273 aas

248 1293 348 1374 finiri.
362 1290 599 1367 fraternitatem
611 1290 763 1351 tuanede
778 1290 874 1350 talias
893 1291 1015 1367 nepotii
1027 1302 1108 1369 aaa·
1152 1302 1351 1367 nlapnopere
1366 1291 1515 1361 ewoenit
1529 1289 1670 1354 odedire.
1701 1292 1791 1353 tides
1814 1290 1948 1369 Gregorii
1964 1310 2016 1353 nu·

249 1379 336 1439 titate
349 1372 617 1449 metropolitanas
632 1370 758 1433 curabit
771 1371 944 1444 instruere,
966 1379 995 1433 et
1008 1374 1038 1433 si
1058 1389 1108 1434 eo·
1154 1373 1324 1433 cleritatem
1336 1374 1366 1433 in
1382 1388 1509 1449 grueaos
1525 1376 1701 1453 episeopus,
1713 1372 1831 1451 auibus
1846 1372 2014 1437 Corinthia·

246 1475 318 1523 iarn
331 1456 445 1534 positis
453 1454 613 1533 partibile,
626 1470 687 1515 nee
701 1462 755 1515 tna
765 1452 865 1529 fuerit
876 1453 1109 1532 raenpmp'n·
1154 1468 1221 1513 rorn
1238 1455 1429 1533 episcopum.
1453 1454 1717 1534 arehiepiscopum
1730 1456 1852 1518 ardinoi
1863 1472 1918 1535 per
1932 1458 2017 1535 pollii

247 1541 347 1607 dicier,
364 1540 411 1601 ad
419 1538 820 1614 nostramenpnilianenr‚
846 1537 1012 1617 arridentia
1024 1538 1110 1601 ittnd
1154 1536 1437 1605 trnrrsrnissionenrl
1449 1538 1533 1601 ldenr
1549 1538 1603 1601 lib.
1619 1538 1649 1599 i.
1662 1539 1753 1617 epist.
1769 1538 1828 1601 tid.
1854 1539 1892 1600 nd
1918 1538 1966 1603 Jo.
1988 1556 2020 1601 e·

245 1631 294 1686 est
305 1622 421 1698 trussell
431 1626 539 1687 rane.
681 1666 684 1669 .
1154 1617 1232 1695 pise.
1246 1632 1383 1695 sylllttlls.
1399 1618 1489 1683 Nara.
1501 1621 1653 1697 inarsitde
1664 1622 2019 1699 nautatinopotunnn

285 1706 447 1782 Septimus
457 1720 485 1764 s.
503 1701 642 1763 Geloslus
655 1700 703 1761 sir.
717 1699 759 1762 nit
773 1701 805 1761 in
816 1699 939 1771 epistol.
955 1704 992 1763 nd
1009 1705 1108 1781 epise.
1154 1700 1396 1781 disterianae
1411 1702 1617 1766 aarrraaditer
1632 1704 1826 1781 apostolieae
1854 1706 1925 1767 sedi
1950 1722 2017 1767 nse

245 1790 346 1849 renue:
373 1786 495 1850 Corneto
520 1784 754 1863 pertentandum
766 1784 856 1845 anit
876 1784 1021 1846 Ecclesia
1031 1802 1109 1865 arra·
1152 1782 1348 1864 maantam?
1362 1786 1452 1864 nond
1467 1792 1495 1848 at
1509 1786 1662 1849 dominns
1682 1786 1850 1863 piissimas
1873 1788 2016 1864 impera·

243 1873 338 1933 ninnr
349 1868 565 1945 mauriliane
584 1867 752 1929 sententiis
772 1867 875 1944 lipara
894 1868 1109 1944 pontitieam.
1154 1873 1214 1939 tor,
1227 1873 1257 1929 et
1271 1866 1493 1943 tinternoeter
1512 1867 1670 1937 inuenire
1682 1868 1973 1945 einederneiaitatis
1989 1886 2019 1932 a·

243 1957 335 2015 sedas
353 1951 438 2013 beati
452 1951 539 2015 Petri
560 1950 699 2028 apostati
713 1947 771 2027 jors
786 1950 902 2010 intrent
914 1951 1108 2016 resolvendi.
1152 1950 1305 2027 peropus
1320 1951 1452 2013 ueniae
1464 1950 1644 2029 profitetur.
1655 1948 1691 2011 tit
1706 1951 1797 2029 epist.
1814 1950 1865 2013 111.
1882 1957 1917 2013 ed
1935 1968 2019 2013 enlm·

250 2036 453 2113 iitpoteqaae
466 2034 507 2108 de
518 2031 814 2108 omniiieeteninsas
829 2032 946 2093 traderet
953 2033 1111 2111 p'adiean·
1154 2033 1238 2115 dero:
1255 2031 1344 2093 darn
1361 2031 1470 2109 inquit,
1481 2033 1569 2110 qaod
1581 2049 1616 2095 se
1629 2032 1709 2095 dieii
1731 2034 1803 2097 sedi
1823 2036 2020 2113 apostolieae

249 2119 295 2181 di.
307 2133 416 2196 nequa
430 2116 587 2195 uniquam
602 2117 643 2177 de
656 2112 726 2190 aas
740 2114 835 2196 tieeot
842 2114 999 2192 judicare
1017 2116 1111 2195 indi·
1153 2113 1315 2191 ondjieisi
1326 2128 1395 2195 aren
1406 2115 1505 2193 calpa
1516 2114 1554 2176 in
1565 2114 2019 2194 waeapninaanitarneseia

190 2219 191 2242 ι
244 2203 306 2263 rio.
324 2199 441 2261 Similia
469 2198 563 2261 hebet
588 2196 621 2257 io
642 2195 734 2274 epist.
759 2198 801 2259 ort
822 2196 959 2260 tonsas.
985 2198 1109 2277 irrepens,
1155 2196 1453 2279 qaunarneepae
1473 2196 1635 2273 subiectas
1650 2214 1720 2265 nan
1732 2198 1846 2261 ritate.
1864 2200 1940 2276 Quid
1957 2200 2018 2263 etn-

247 2292 278 2346 ot
293 2290 366 2359 torn.
380 2283 419 2344 de
432 2281 513 2343 rior.
529 2282 685 2341 enallrern.
698 2277 854 2355 Nequeud
872 2281 948 2343 troee
974 2282 1035 2343 nitu
1064 2298 1112 2345 re·
1154 2282 1236 2343 rins?
1248 2280 1359 2343 Gnrllto
1375 2280 1522 2357 epistolas
1533 2281 1570 2342 ud
1587 2277 1751 2360 episeopus
1763 2280 1879 2344 liuline.
1893 2282 2020 2357 Gallina,

246 2365 376 2445 mansio
390 2363 457 2427 duri
471 2368 584 2443 potest:
598 2366 717 2425 constat
741 2363 825 2427 erim
849 2362 927 2425 heae
952 2380 1023 2428 rere
1039 2380 1111 2429 esse
1154 2363 1333 2443 Hispaniae:
1348 2377 1419 2424 nera
1434 2362 1473 2426 de
1488 2364 1683 2445 subjectione
1698 2379 1805 2426 eorum
1831 2365 1913 2427 nullu
1929 2366 2017 2427 dubi·

247 2447 341 2509 rerba
363 2445 488 2521 Golosii,
501 2452 534 2507 el
548 2443 703 2507 Gelasium
719 2444 816 2505 rirunr
831 2452 973 2507 sonatum
985 2446 1109 2523 tuisse,
1154 2444 1301 2509 tulioest.
1501 2502 1504 2509 ,
1912 2452 1914 2457 ’
2054 2491 2056 2496 .

246 2538 277 2593 et
291 2533 363 2592 unte
377 2529 462 2591 mille
476 2544 576 2591 nonas
590 2524 748 2591 Ecclesiae
762 2527 945 2602 praefuisse.
963 2523 965 2528 ’
1198 2528 1375 2608 Respondet
1392 2524 1535 2591 Gulrinus
1551 2528 1606 2590 lib.
1620 2526 1652 2591 1.
1670 2546 1737 2607 erp.
1752 2522 1782 2589 1.
1800 2524 1816 2609 i
1834 2524 1886 2590 12.
1909 2546 1945 2591 ee
1961 2531 2021 2607 pri·

259 2640 262 2648 ·
290 2612 425 2675 Oetnrus
438 2610 574 2674 ianuas
589 2608 630 2671 ll.
647 2610 699 2689 qul
720 2610 814 2670 etium
829 2616 898 2672 nole
915 2611 998 2673 rnille
1013 2627 1112 2675 nonos
1144 2626 1238 2680 mlum
1255 2612 1314 2689 nit3
1330 2610 1509 2687 Gregoriurn
1523 2612 1670 2675 tribuisse
1684 2609 1746 2673 sihi
1766 2610 1818 2689 jus
1847 2613 2022 2691 corrigendi

190 2769 191 2776 ἵ
245 2695 339 2769 sedit,
352 2696 385 2755 io
406 2695 498 2774 epist.
515 2693 553 2755 ud
567 2692 680 2755 lustin.
696 2707 765 2757 seo.
778 2693 871 2771 dag..
887 2709 966 2772 quoe
981 2696 1111 2757 inritator
1154 2696 1245 2769 ulios,
1262 2710 1322 2756 non
1339 2703 1439 2756 eutero
1453 2694 1593 2773 paruisse
1623 2694 1652 2757 ei
1682 2692 1742 2755 nisi
1771 2694 1840 2755 rtlos
1865 2695 1918 2773 qul
1940 2697 2022 2757 vote·

241 2778 275 2839 in
298 2778 369 2853 ipso
383 2778 454 2839 aad.
475 2774 588 2839 lustin.
603 2773 635 2837 in
652 2774 681 2835 l.
698 2775 743 2835 tit.
756 2774 845 2837 Ineter
858 2775 976 2843 alara.
991 2774 1108 2855 'iurarit
1153 2770 1287 2843 ornati
1302 2778 1360 2839 hoe
1372 2776 1432 2838 diei
1454 2792 1516 2837 non
1533 2784 1651 2855 potest:
1677 2790 1747 2837 nnrn
1770 2775 1935 2855 Gregorius
1949 2793 2021 2839 sun·

190 2933 191 2942 ¹
238 2856 1110 2935 sarrientieeaemorunetndinioauslroeiaudesaitri·
1155 2862 1311 2927 alissimus
1339 2858 1648 2923 elliumiltirnusiuil:
1665 2857 1916 2938 ouonireuatium
1930 2858 2022 2943 Grae·

240 2941 443 3009 slirrnissinre
455 2941 657 3020 prineiprnn,
672 2936 807 3017 pariare
818 2941 1061 3020 laeetanqnara
1073 2955 1123 3006 a··-
1155 2943 1266 3025 deins
1281 2943 1361 3009 diem
1379 2940 1487 3003 lostam
1503 2945 1620 3020 nolunt:
1633 2948 1664 3005 et
1675 2939 1818 3005 &trinus
1842 2942 1871 3003 in
1889 2944 1947 3005 hoe
1965 2944 2019 3007 lib.

241 3023 872 3107 inuadenduirrooiaruaaeonare
895 3026 994 3103 idei,
1090 3029 1113 3089 d
1155 3027 1187 3089 i.
1204 3042 1273 3105 eap.
1287 3025 1318 3086 i.
1334 3022 1607 3105 §22.Gregoriunr
1630 3024 1728 3086 viram
1758 3030 1899 3087 senatum
1921 3026 2034 3089 tuisse·

241 3108 413 3169 eharitatis
427 3108 534 3169 studio
550 3105 665 3167 idaea
681 3105 904 3169 ndniaetiaie
928 3110 1033 3187 discip
1044 3110 1112 3173 inis
1153 3111 1274 3183 fatetur:
1298 3124 1358 3171 ooo
1371 3112 1473 3169 :litlern
1487 3114 1587 3181 potest
1600 3122 1672 3170 eum
1686 3105 1845 3169 sonoritate
1872 3110 2029 3171 earrsiste·¹

190 3265 191 3272 χ
238 3192 403 3254 remitae
435 3189 523 3251 sedis
546 3187 767 3250 reuerentiae
787 3193 1056 3259 assonarent
1080 3193 1112 3255 ei
1155 3210 1189 3255 re
1205 3190 1362 3269 usurpatio
1373 3186 1453 3269 juris
1469 3190 1686 3267 alienilleaua
1701 3194 1749 3251 est
1764 3204 1878 3251 orrerus
1892 3198 1943 3251 nul
1960 3208 2021 3253 orn·

190 3285 191 3354 }
243 3279 367 3335 eaneta
380 3271 551 3351 orediieitin
565 3270 739 3347 etodrp'rse
753 3272 912 3344 dederitis
925 3276 1110 3349 laenitatem,
1156 3272 1552 3349 euinteninlis‚subjieore
1572 3270 2021 3351 sibiarnnesepiseopossed

190 3359 191 3382 ³
242 3357 291 3417 ad
305 3355 401 3431 enjus
414 3353 654 3430 noannoeane
666 3357 945 3430 rstnpostoinnooe
952 3356 1108 3435 partiam,
1156 3355 1360 3421 intolerabilis
1374 3354 1531 3433 superbio:
1547 3362 1579 3417 el
1593 3352 1748 3435 ipsissimo
1776 3361 1846 3415 nata
1869 3355 2035 3417 dntietrri·'

244 3439 386 3499 donnino
399 3438 773 3516 toquenteprneeeplant
787 3437 945 3501 estPaeee
959 3455 1033 3503 oues
1045 3455 1111 3503 rne-
1155 3441 1207 3515 stl‚
1222 3446 1256 3501 ιιι
1271 3439 1396 3514 ipsimet
1420 3437 1597 3517 frequenter
1620 3436 1744 3499 dmoni:
1770 3438 1924 3515 quomodo
1947 3454 2022 3510 arua

245 3532 412 3608 as‘qrrurn
433 3535 501 3587 esse
517 3519 663 3581 omniane
679 3535 753 3581 urae
767 3519 988 3585 Baetasiorum
1002 3529 1112 3601 eaput,
1157 3522 1324 3600 Gregorius
1335 3525 1460 3583 senatus
1471 3528 1550 3595 eret,
1564 3521 1591 3583 si
1602 3534 1711 3582 omnes
1722 3518 1888 3598 episeopus
1903 3520 1961 3582 sibi
1975 3521 2021 3585 in·

244 3610 276 3665 at
291 3602 431 3667 Patmos
449 3602 595 3681 renuide,
619 3601 991 3681 etprirraiparn‘statuta
1005 3604 1112 3670 aecta
1154 3606 1239 3687 juste
1254 3600 1457 3681 subjiciebat?

245 3692 329 3748 rant
345 3693 404 3748 ete.
581 3709 583 3712 ·
926 3727 929 3738 ·
1197 3687 1342 3750 seeundo
1358 3684 1536 3763 respondet:
1550 3684 1731 3765 Gregorium
1759 3696 1797 3746 ex
1812 3685 1953 3747 mnndolo
1966 3684 2023 3747 inr-

189 3761 191 3802 l
286 3768 394 3829 Nrrnus
408 3765 586 3829 dnnstosius
597 3765 638 3828 11.
652 3766 683 3827 in
694 3766 826 3840 episand
838 3767 982 3831 donetis.
1000 3771 1110 3843 irnper.
1158 3769 1307 3849 paraturis
1331 3767 1491 3847 judicasse
1512 3768 1693 3847 episcopum
1722 3770 2026 3847 aorrslentioapolitn·

190 3857 191 3868 ¹
241 3847 681 3922 Perrniuisterianeiinnuitl
702 3848 896 3913 tannititorei
910 3854 1115 3919 menesirnrt
1159 3868 1245 3920 noun.
1262 3858 1345 3913 ulex
1358 3849 1413 3912 do.
1430 3852 1461 3912 l.
1478 3850 1570 3931 epist.
1581 3848 1634 3913 el.
1648 3848 1746 3929 ipsius
1761 3846 1898 3930 Gregorii
1910 3868 2024 3931 enarro·

240 3948 374 4011 senoper
389 3939 434 3994 est
447 3933 537 3993 sedes
552 3930 735 3993 ieatiPetri
754 3933 983 3997 inuniversoli
1006 3936 1114 4009 Genetes
1158 3936 1203 4001 sei
1220 3938 1332 4012 potest.
1349 3934 1384 3994 tt
1397 3934 1426 3994 in
1440 3948 1475 3995 eu
1487 3932 1616 4011 epistole
1638 3932 1802 4011 Gregorius
1824 3934 1908 3999 dieii.
1925 3934 2023 4011 irripe-

240 4017 325 4085 sia.
350 4015 553 4093 menelao:
575 4013 640 4077 eiii
667 4032 690 4077 a
710 4012 846 4079 morino
866 4024 973 4079 tarent
991 4019 1114 4097 prinei·
1159 4026 1292 4081 retorem
1305 4015 1478 4079 valuisses
1493 4014 1669 4095 sejudiouri
1694 4014 1896 4093 patriarcham
1911 4015 2024 4087 illum,

239 4103 375 4179 potura.
1160 4101 1230 4177 auin
1244 4112 1380 4173 annones
1391 4100 1450 4162 hoe
1468 4098 1590 4179 iubent:
1604 4097 1688 4174 auod
1699 4098 1780 4161 idom
1792 4104 1850 4168 est,
1878 4115 1913 4159 ne
1928 4102 1954 4161 si
1977 4100 2026 4161 di·

256 4219 263 4228 ·
284 4180 435 4246 Deeirnus
447 4178 486 4239 sit
497 4177 581 4241 ielis
604 4176 653 4239 lli.
670 4178 721 4256 aui
741 4178 773 4240 in
789 4180 880 4257 episi.
909 4182 939 4253 l.
955 4182 993 4245 ad
1015 4184 1116 4245 varlas
1159 4190 1254 4255 neret,
1269 4179 1482 4260 imperatorem
1501 4180 1639 4243 :latuisse
1652 4180 1823 4257 impedire.
1846 4182 1930 4257 auin·
1939 4180 2025 4260 juxta

248 4266 352 4341 spise.
369 4260 483 4339 inanit:
497 4260 685 4323 Sanctitatie
698 4265 1055 4344 uestraeseriptaanae
1068 4269 1115 4330 ad
1161 4282 1297 4329 annones
1319 4266 1498 4344 episeopus,
1516 4265 1588 4327 lieet
1603 4262 1705 4341 regine
1722 4262 1851 4337 ardiso
1876 4263 2023 4343 Gregorio

244 4347 361 4407 sedent
375 4343 588 4423 apostolicam
601 4344 733 4405 misistis
748 4353 908 4424 tanquan:
930 4350 975 4410 od
990 4354 1122 4426 namet,-
1160 4347 1445 4429 punireturrliunre
1459 4348 1490 4409 in
1513 4346 1644 4423 epistola
1671 4344 1833 4422 superiore
1859 4345 2024 4425 Gregorius

244 4428 380 4491 nti-ode
401 4426 773 4505 anapauomenen,
788 4430 996 4495 marinis
1009 4431 1116 4493 Ereto·
1161 4431 1246 4497 illuit.
1272 4432 1487 4511 imperatorem
1515 4430 1638 4491 assidue
1666 4428 1827 4507 punitori,
1854 4427 2026 4492 lieetesinnr

245 4509 412 4573 eintotins
425 4509 595 4587 retipianis
615 4512 754 4587 eanipeit
773 4513 961 4584 ennodium,
983 4523 1122 4593 praten·¹
1166 4513 1530 4591 eonslnnlinopoiitanuu
1543 4526 1772 4575 romuneeesse
1787 4510 1971 4591 subjeetum.

244 4594 440 4671 ureanepi
458 4600 517 4655 eta.
539 4654 544 4661 ,
729 4636 734 4645 ,
976 4629 978 4632 ·
1208 4594 1310 4660 Tertio
1324 4596 1502 4674 respondet:
1520 4596 1700 4668 Grinariunr
1720 4592 1803 4655 sient
1827 4596 1903 4657 :ilios
1919 4596 2027 4673 punio·

253 4707 259 4735 ι
281 4676 472 4739 Uruleoirnus
483 4672 673 4753 sitPelogius
684 4673 780 4752 linui
793 4669 824 4737 in
838 4677 1004 4756 apisllnd
1017 4679 1125 4752 episc..
1167 4679 1230 4745 bnt.
1247 4682 1285 4740 itn
1300 4685 1435 4759 perulam
1451 4678 1547 4741 inisse
1562 4676 1603 4739 ab
1615 4678 1684 4740 ultis
1698 4677 1856 4739 emerrduri
1875 4724 1883 4750 ‚
1909 4684 1942 4738 ιιι
1957 4678 2026 4756 ipse

243 4758 512 4823 orien.itomuna
523 4756 627 4829 sedes,
646 4758 754 4833 innuit.
765 4759 953 4823 instituente
967 4762 1114 4834 domino,
1160 4763 1235 4825 dieil
1250 4763 1303 4825 lib.
1319 4760 1350 4823 2.
1367 4760 1458 4839 epist.
1476 4761 1528 4823 el.
1542 4760 1581 4823 nd
1598 4761 1688 4841 notul.
1702 4759 1828 4823 Solorrit.
1844 4774 1880 4821 ne
1894 4761 2026 4837 proinde

245 4847 352 4920 eaput
364 4840 568 4903 automniurn
586 4839 821 4903 Eeeiesiarnor.
896 4885 899 4891 ,
1161 4861 1223 4909 non
1240 4846 1337 4919 earinis
1353 4844 1547 4923 praefuisse.
1564 4860 1654 4923 quun:
1676 4840 1849 4920 solrjeetunr
1865 4841 1972 4903 inissa.
1991 4844 2025 4903 dt

254 4922 500 4989 .·lluodeeinrus
514 4939 542 4983 s.
558 4920 725 4998 Gregorius
744 4939 898 5002 iurgans,
927 4943 987 4989 oon
1014 4928 1117 4990 minias
1164 4920 1329 5004 Gregorius
1343 4922 1375 4987 io
1391 4926 1441 4989 illa
1464 4928 1593 5007 epistole
1617 4927 1655 4987 de
1685 4920 1878 5001 correptione
1894 4926 2026 4985 truternn

247 5022 346 5085 oaorn
362 5004 436 5080 Leo,
448 5021 485 5068 se
499 5003 591 5067 lolius
607 5002 765 5067 Ecclesiae
777 5012 868 5085 eaput
879 5011 1001 5086 :ignorit
1015 5010 1070 5072 tib.
1087 5011 1123 5073 1.·
1164 5011 1310 5088 loquitur.
1327 5010 1587 5073 nondeoensnre
1611 5007 1761 5086 judiciali:
1786 5006 1876 5079 ane,
1904 5006 2024 5085 inquit.

245 5090 347 5167 epist.
366 5088 416 5150 li.
438 5088 477 5150 ed
490 5085 629 5149 Ground.
651 5086 995 5171 Eaamroitiotinnuil)
1008 5093 1122 5158 linari·
1165 5093 1353 5171 fraternitas
1365 5100 1423 5155 tan
1437 5108 1534 5173 aepre
1547 5091 1666 5155 retulit
1687 5090 1727 5152 de
1752 5090 1907 5152 conuiuiis
1928 5106 1951 5150 a
1974 5106 2027 5150 nne

247 5174 331 5233 dirue
345 5171 377 5232 si
389 5170 449 5250 qni
464 5171 721 5235 &mannaim
733 5173 779 5234 ad
790 5173 1002 5251 apostolieum
1011 5177 1122 5240 eman
1166 5176 1485 5255 arser-eprehensnrn,
1502 5188 1576 5237 aar
1591 5190 1660 5253 epo,
1677 5174 1735 5253 pri
1760 5174 1818 5235 etei
1844 5172 1931 5234 none
1958 5188 2028 5235 non

246 5255 379 5320 seruire.
399 5254 585 5332 perneittite
608 5260 639 5315 et
652 5254 682 5313 si
692 5254 825 5331 quilibet
834 5272 947 5321 eornm
957 5259 1031 5321 uiae
1045 5274 1122 5323 eon·
1164 5258 1241 5320 eila.
1256 5266 1366 5321 tantan
1378 5258 1446 5320 laea
1459 5258 1691 5335 transpredion
1708 5252 1749 5319 ab
1763 5254 1915 5317 annnam
1926 5259 2025 5316 enrri-

249 5337 422 5401 eradicare
434 5334 581 5408 uelauit,
597 5334 816 5399 ebriatedlina
828 5338 921 5418 igitur
931 5350 1121 5419 apparetuu·
1163 5343 1211 5420 pi.
1229 5340 1269 5403 ab
1285 5340 1434 5404 omnious
1457 5338 1628 5404 amoeniori
1636 5344 1774 5418 paratas
1788 5338 1851 5399 eim
1866 5383 1875 5411 ‚
1888 5344 1918 5398 et
1939 5337 2027 5400 inuria

251 5419 382 5483 alorites
398 5417 535 5499 Gregorii
547 5416 580 5487 in
593 5418 758 5495 episeopus
771 5417 902 5493 Airieoe..
924 5421 1068 5486 lteurtib.
1084 5424 1115 5485 2.
1161 5422 1363 5499 saturamini
1373 5424 1516 5486 umnam
1526 5422 1672 5490 aestima,
1687 5435 1748 5500 per
1759 5418 1852 5501 cajus
1879 5420 2035 5498 liupanna

250 5504 351 5581 epist.
370 5500 423 5565 el.
438 5502 476 5563 nd
491 5501 585 5563 notul.
606 5499 792 5579 Postquain:
815 5502 925 5590 iuquit,
948 5508 994 5569 ad
1019 5506 1118 5569 beati·
1163 5514 1239 5569 erne
1254 5507 1497 5583 apparitionem
1511 5505 1650 5568 districti
1665 5504 1792 5585 radias
1800 5514 1894 5592 inque
1913 5520 2025 5567 maero-

248 5586 566 5653 tndinineaestrarn,
590 5588 621 5647 et
644 5585 817 5647 decenniis
839 5589 926 5660 roei,
949 5596 1067 5652 etneea
1078 5590 1120 5658 in
1163 5588 1213 5650 ins
1228 5588 1345 5651 neentis
1360 5589 1553 5667 terpatldde
1569 5587 1651 5667 quad
1666 5586 1790 5647 tnrolril
1810 5584 2026 5647 contradictio·

251 5685 377 5731 canusa
404 5667 564 5729 Honorati
590 5666 819 5733 archidianoni
843 5670 966 5748 scripta
993 5672 1119 5735 directa
1162 5686 1247 5734 uem.
1264 5672 1406 5733 eumdem
1422 5670 1567 5732 ornnibus
1589 5669 1756 5747 praelatum
1782 5682 1866 5743 esse,
1880 5672 2027 5731 etlumen

251 5759 344 5823 earet,
359 5756 436 5814 tane
450 5752 815 5828 contemptaatriasque
838 5756 1000 5817 natantia
1022 5770 1117 5832 prae·
1162 5753 1317 5831 aliquibus
1331 5752 1455 5833 subjici.
1786 5798 1789 5805 .
1858 5788 1860 5797 ·

249 5832 675 5912 iatasiionorataeproprio
688 5834 956 5913 madaprieotae
968 5837 1120 5914 ostiani
1208 5834 1510 5913 tturnlorespoodel:
1530 5834 1613 5897 hano
1628 5838 1740 5895 stolum
1765 5832 2029 5909 pontidaiurnrnl·

251 5916 283 5979 si
298 5912 435 5993 quilibet
449 5932 492 5978 en
509 5921 651 5993 quataer
662 5915 860 5993 patriaraleie
887 5919 1031 5995 incuset,
1047 5921 1119 5981 sine
1167 5920 1206 5981 de
1219 5917 1365 5997 Gregorio
1382 5917 1590 5995 displicuisse:
1609 5917 1741 5977 urbione
1758 5917 1840 5977 eninr
1866 5921 2029 5995 annulari·

251 5999 448 6076 ‚cp-ouissiaa
462 5998 620 6061 seanduto
632 6005 724 6061 tanta
744 6002 953 6064 eontanrarin
980 6004 1127 6065 transire·
1165 6009 1225 6069 tur.
1244 6002 1392 6079 lnquits'e
1407 6001 1465 6063 sub
1480 5996 1583 6063 notare
1600 6000 1797 6077 episcopatus
1809 6000 1845 6059 lut
1869 6002 2028 6061 serrantur:

254 6083 350 6145 realta
366 6084 461 6145 :rende
474 6082 639 6160 patuaset.
657 6078 743 6144 Gerte
769 6082 817 6145 lds
832 6084 934 6149 serbis
959 6103 987 6149 s.
1005 6085 1117 6167 Grego·
1166 6086 1307 6162 rediisse,
1324 6084 1423 6149 until.
1442 6086 1470 6147 ι.
1486 6083 1578 6163 epist.
1596 6082 1625 6144 i.
1643 6088 1673 6145 et
1688 6076 1718 6143 l.
1742 6082 1776 6143 dt
1800 6083 1964 6164 Gregorius
1976 6086 2033 6144 de·

405 6178 574 6231 ltetuurun.
597 6177 654 6233 l’al.
675 6178 695 6233 l.
1754 6184 1788 6235 'nii
