4792 7009
969 657 1067 716 leliii
1087 658 1260 718 SECUNDUS
1884 661 1939 722 nte

202 840 207 885 ,
263 789 356 860 uFitio
371 787 606 850 communicari?
622 788 655 849 Et
671 806 739 868 cup.
756 788 807 850 23.
824 791 876 852 Eae
889 791 975 871 ipsa,
991 793 1102 870 inquit,
1148 794 1262 871 pertiti,
1280 797 1308 854 et
1321 793 1433 872 pertiti,
1451 797 1480 858 et
1491 811 1551 876 per
1566 793 1687 860 Filium
1701 798 1791 864 Patri
1804 801 2008 884 conjectatus

202 907 208 968 p
261 873 427 944 substantio
449 871 507 934 liei
530 871 635 934 Patris
649 874 815 949 prodiens,
830 875 982 955 profluus
997 882 1105 938 autern
1149 880 1305 942 llabemus
1328 878 1418 954 igitur
1438 879 1613 955 quindecim
1631 886 1725 942 testes
1740 882 1861 956 latinos,
1879 895 1909 946 et
1923 887 2011 964 quin·

203 1006 206 1039 Ι
263 963 299 1026 aa
321 959 445 1017 Sttttcibs
469 971 529 1033 per
555 955 827 1033 consubstantiale
846 957 988 1026 Verbum,
1005 976 1027 1020 n
1041 975 1104 1038 quo
1151 964 1251 1026 decim
1279 977 1417 1042 graculis,
1442 959 1494 1040 qui
1510 967 1578 1022 ante
1595 961 1755 1024 dissidium
1773 973 1908 1030 nostrum
1926 985 2012 1032 exor-

203 1104 205 1119 ,
262 1050 298 1108 est
310 1039 484 1104 sequundum
499 1039 1105 1124 emissionemadessentqucsnbsiste-
1151 1062 1213 1114 tam
1240 1044 1434 1122 apertissime
1461 1042 1641 1110 docuerant.
1671 1044 1818 1122 Spiritum
1840 1057 2012 1114 sanctume

202 1190 205 1203 ,
261 1145 299 1192 re.
314 1119 447 1184 Potuitne
463 1123 575 1198 clrrrius
590 1132 715 1182 sanetus
732 1121 862 1201 cyrillus
877 1123 993 1196 dicere,
1011 1123 1104 1202 Spiri·
1151 1137 1237 1196 Patro
1254 1133 1283 1190 et
1298 1126 1374 1188 Filio
1391 1128 1531 1206 produci,
1549 1144 1583 1188 ac
1599 1127 1730 1206 spirari,
1750 1131 1854 1206 utjanr
1872 1131 2015 1198 intolera-

261 1217 314 1272 tum
335 1211 472 1266 sanctum
494 1223 509 1264 a
526 1203 601 1265 Filio
620 1205 804 1281 pretendere?
816 1201 849 1268 ld
867 1207 948 1286 enirn
965 1207 1108 1288 intelligi·
1152 1209 1225 1273 bilis
1240 1210 1330 1290 piane
1346 1209 1531 1274 Graecorum
1546 1209 1710 1274 obstinatio
1727 1210 1822 1276 rideri
1835 1213 1957 1278 debeat.

262 1307 320 1354 mus
334 1303 388 1349 nos
404 1304 459 1365 per
474 1288 704 1366 processionem
721 1305 735 1348 a
751 1286 841 1348 Filio.
861 1288 974 1349 babere
991 1305 1061 1351 esse
1077 1294 1108 1350 et

261 1371 418 1438 subsistere
429 1367 580 1449 ¹Spiritum
595 1380 733 1432 salictum
750 1387 766 1431 a
783 1370 869 1444 Filio,
887 1373 968 1448 quud
985 1371 1108 1433 disertis

259 1453 350 1518 rerbis
363 1451 493 1531 Cyrillus
505 1450 641 1514 affirmat.
655 1453 730 1514 item
743 1453 796 1514 lib.
812 1453 860 1519 12.
871 1453 902 1514 in
913 1452 960 1515 lo.
975 1454 1107 1534 capbb.
1462 1453 1580 1520 CAPUT
1602 1456 1709 1522 xxti.

261 1541 306 1603 bac
326 1537 429 1607 Patre,
452 1537 561 1614 inqu-it,
583 1553 642 1613 per
656 1535 777 1596 Filium
790 1536 946 1614 procedit.
964 1537 1038 1598 llam
1054 1538 1108 1599 lib.

261 1621 305 1684 ts.
319 1619 455 1680 tbesaur.
467 1633 535 1694 cap.
551 1618 583 1681 2.
596 1619 635 1680 ΕΙ
645 1619 730 1691 ideo,
746 1619 855 1697 inquit,
868 1617 1025 1696 spriritum
1035 1635 1110 1682 san·
1327 1623 1367 1685 Et
1382 1624 1510 1688 *ratione
1524 1621 1613 1686 idern
1627 1621 1848 1704 condensatur.

261 1707 338 1768 ctetm
358 1699 533 1763 Dominum
552 1702 702 1763 similiter
716 1702 870 1779 appellat,
886 1703 970 1764 sicut
984 1719 1026 1765 eac
1040 1705 1111 1781 ipso
1349 1769 1351 1776 ,
1995 1759 1998 1764 ,

259 1787 348 1857 Filio,
364 1789 393 1844 et
406 1785 527 1863 inipso
541 1781 738 1847 naturaiiter
753 1786 952 1846 assistentem.
969 1785 1006 1846 Et
1022 1787 1110 1848 intra.
1198 1787 1275 1851 Vide
1296 1786 1431 1850 rationes
1454 1788 1564 1850 multas
1587 1788 1666 1868 apnd
1690 1806 1717 1852 s.
1740 1789 1885 1866 Thorium
1909 1792 1964 1854 lib.
1987 1793 2019 1857 i.

263 1871 309 1933 Sic
331 1866 453 1930 Fidium
476 1865 534 1928 Dei
548 1883 591 1930 ear
604 1869 673 1945 ipsa
690 1873 719 1928 et
731 1868 769 1928 in
782 1868 853 1946 ipso
870 1867 962 1930 l’atre
976 1874 1113 1931 natura·
1158 1878 1240 1934 cont.
1265 1871 1352 1933 Gent.
1370 1887 1439 1948 cap.
1455 1870 1507 1932 2Ι.
1524 1876 1554 1932 et
1569 1887 1600 1948 q.
1611 1869 1657 1931 -to
1673 1871 1711 1934 de
1733 1879 1797 1950 pot.
1815 1880 1869 1938 art.
1886 1875 1917 1938 l.
1934 1875 2021 1940 Ratio

262 1955 327 2016 liter
347 1965 412 2011 csse
422 1947 646 2026 intelligimus.
663 1951 717 2012 En
730 1949 815 2010 Filio
830 1957 939 2011 nutem
952 1953 1113 2020 naturali·
1157 1957 1322 2035 praecipua
1339 1971 1366 2016 s.
1383 1953 1516 2017 Tbomae
1533 1957 1580 2013 est
1595 1954 1682 2016 bace.
1701 1953 1730 2014 Sl
1748 1954 1879 2030 Spiritus
1895 1965 2022 2024 sanctas

261 2045 315 2110 ter,
336 2049 373 2094 ac
396 2034 607 2094 essentialiter
633 2033 790 2111 Spiritum
813 2041 963 2096 sanctorm
976 2037 1060 2113 sicut
1071 2052 1114 2098 eac
1159 2055 1221 2098 non
1239 2039 1418 2116 procederet
1433 2054 1447 2096 a
1465 2033 1553 2096 Filio.
1571 2051 1631 2095 non
1648 2035 1888 2116 distingueretur
1903 2041 2020 2104 abillo:

263 2119 350 2181 Patre
361 2117 533 2194 promnirc
548 2117 719 2179 credimus.
736 2113 812 2176 Item
828 2115 886 2176 lib.¹
899 2117 937 2178 de
952 2123 1027 2180 rect.
1044 2117 1112 2180 Fid.
1159 2122 1221 2182 troo
1238 2125 1339 2182 aulem
1356 2125 1402 2179 est
1415 2125 1518 2179 cotrtra
1534 2115 1652 2189 Fidem,
1670 2121 1740 2195 quia
1757 2127 1829 2182 tnnc
1845 2128 1929 2183 essct
1944 2124 2022 2185 bue·

260 2199 294 2265 ub
315 2199 468 2262 Tbeodes.
494 2201 548 2260 ult.
572 2200 654 2260 ared.
666 2198 706 2276 ‚bt
720 2197 775 2258 lib.
792 2197 822 2258 5.
838 2197 869 2258 6.
886 2203 916 2260 et
932 2199 961 2260 Ι.
975 2200 1014 2260 de
1029 2201 1112 2262 trin.
1158 2204 1241 2274 litas,
1265 2219 1326 2264 non
1344 2200 1489 2278 -Trinitas3
1507 2199 1598 2280 igitur
1612 2200 1753 2280 procedit
1767 2219 1784 2262 a
1796 2202 1872 2266 Filio
1889 2204 2022 2283 Spiritus

264 2283 369 2350 similia
392 2281 499 2343 babet.
526 2279 668 2359 benique
692 2281 722 2340 in
739 2297 807 2358 cap.
824 2279 855 2340 2.
869 2280 967 2342 loelis
982 2279 1029 2358 (ul
1045 2284 1117 2346 citet
1159 2292 1296 2350 sanetus.

260 2364 393 2430 bessario
409 2364 441 2424 in
454 2381 507 2425 sua
525 2363 606 2449 Orat.
621 2381 688 2442 cap.
705 2362 750 2441 Ι.)
768 2361 932 2439 Proprius.
958 2365 1068 2440 iuquit,
1089 2367 1116 2428 i·
1202 2367 1373 2448 Proposllio
1389 2367 1559 2446 argumenti
1576 2365 1615 2428 ila
1627 2363 1785 2444 probatur.
1799 2365 1907 2431 Omnis
1920 2368 2027 2432 distin·

203 2524 204 2539 χ
255 2452 355 2531 psius,
371 2453 401 2509 ct
414 2447 452 2510 in
465 2447 580 2525 ipsaet
595 2461 638 2508 eae
651 2448 722 2524 ipso
739 2445 878 2524 Spiritus
894 2452 949 2509 est.
963 2450 1119 2528 quorund-
1162 2454 1223 2516 etio
1245 2451 1277 2512 in
1299 2451 1362 2513 Deo
1379 2449 1513 2512 nascitur
1528 2467 1565 2510 er
1583 2449 1783 2512 relationibus
1796 2450 1936 2530 originis:
1954 2458 1984 2512 at
1998 2452 2026 2516 si

259 2532 388 2596 aradum
399 2544 480 2592 saite
495 2530 534 2591 de
548 2530 618 2606 ipso
633 2527 697 2589 Deo
713 2535 741 2590 ct
755 2527 849 2591 Perire
863 2530 1064 2608 intelligitur.
1163 2535 1296 2614 Spiritus
1312 2549 1372 2594 aon
1386 2531 1565 2610 procederet
1580 2549 1595 2591 a
1609 2529 1697 2606 Filio,
1713 2539 1870 2596 nonesset
1883 2534 1961 2596 inter
1972 2551 2029 2598 eos

203 2686 204 2689 Ἴ
296 2611 346 2675 Xl.
365 2611 490 2674 Simeon
508 2611 738 2689 metaphrastes,
755 2613 844 2693 cujas
859 2613 889 2672 in
903 2611 1038 2676 Concilio
1051 2613 1118 2674 Flo·
1159 2617 1269 2689 relatio
1291 2616 1430 2694 originls3
1455 2630 1527 2694 crgo
1550 2613 1576 2678 si
1585 2613 1721 2693 Spiritus
1737 2631 1797 2677 non
1815 2617 2029 2693 procedereta

257 2696 373 2761 reatino
397 2693 567 2756 bonoritlca
588 2694 704 2756 mentio
734 2691 778 2766 bt,
806 2698 837 2756 la
864 2695 920 2756 ritu
937 2712 964 2756 s.
982 2695 1119 2776 bionpsii
1162 2701 1254 2772 Filio,
1272 2714 1332 2760 non
1349 2697 1589 2778 distingueretur
1604 2715 1620 2756 n
1635 2695 1724 2766 Filio,
1741 2697 1839 2778 Hujus
1855 2700 2028 2778 argumenti

257 2779 466 2857 Areopagitae:
479 2842 481 2845 ,
494 2776 655 2854 Ascendit,
683 2779 793 2856 inquit,
820 2793 911 2839 meru
927 2777 1068 2840 Cluentus
1081 2780 1120 2840 iu
1165 2774 1312 2864 preibatur
1334 2781 1443 2841 iterum
1468 2779 1648 2858 propositio.
1671 2778 1742 2840 llum
1765 2781 1793 2842 in
1812 2782 1873 2843 lieo
1889 2782 1964 2842 aittil
1980 2787 2029 2846 est

203 2916 204 2937 ,
258 2862 388 2934 tiil'tiitit
407 2866 436 2922 ii
450 2861 495 2922 tid
507 2866 682 2940 palernam
693 2861 993 2934 iidemitlvitit'ittt,
1008 2867 1038 2923 tii
1049 2861 1121 2940 Spi·
1165 2867 1224 2930 nisi
1237 2859 1370 2926 essentia
1383 2870 1413 2924 et
1425 2861 1542 2938 relatio,
1555 2863 1618 2924 sire
1629 2861 1802 2924 absolutum
1815 2868 1845 2926 et
1856 2863 2026 2928 relatiuam:

255 2947 365 3019 ritant,
383 2943 444 3022 qni
457 2960 500 3007 cn
513 2947 583 3022 ipso
596 2943 755 3023 procedit,
770 2943 868 3005 mittit
883 2945 1064 3022 discipulis.
1167 2949 1222 3010 sed
1239 2946 1371 3010 essentia
1388 2951 1418 3008 ct
1433 2945 1532 3006 omitia
1548 2945 1684 3006 absoluta
1698 2951 1770 3006 sunt
1780 2948 1966 3020 caramanim
1981 2963 2028 3009 er·

203 3096 204 3109 ,
296 3027 364 3092 xit.
380 3027 572 3100 Anastasius,
587 3023 845 3107 cujuslitmeutio
862 3045 931 3090 curri
943 3043 1055 3104 ursrgno
1068 3027 1121 3087 bo·
1166 3033 1286 3112 gosola
1303 3029 1407 3090 relatio
1424 3023 1594 3106 distinguit.
1610 3023 1696 3088 Unde
1712 3029 1742 3088 in
1760 3025 1895 3090 Correilio
1910 3029 2029 3092 rotetu-

255 3126 329 3174 nore
344 3113 378 3173 in
395 3108 445 3171 vt.
462 3110 596 3188 synoda,
613 3111 643 3171 in
662 3111 691 3172 l.
708 3110 762 3172 lib.
780 3110 817 3170 de
834 3115 907 3170 rect.
924 3109 1058 3188 dogmat.
1075 3109 1122 3170 sic
1169 3129 1209 3179 no
1231 3111 1283 3174 xt.
1297 3129 1364 3188 cap.
1385 3109 1412 3170 l.
1430 3109 1552 3184 dicitur,
1570 3112 1601 3172 in
1617 3108 1692 3170 solis
1707 3111 1907 3174 rotationibus
1923 3129 2030 3176 nume·

203 3252 204 3263 ,
255 3195 403 3272 loquitur:
422 3191 561 3271 Spiritus
575 3197 707 3264 sanetus
722 3191 905 3270 appellatus
921 3197 966 3254 est
981 3191 1122 3270 Spiritus
1169 3214 1238 3260 ram
1261 3195 1357 3266 cerni3
1376 3192 1504 3270 proinde
1520 3208 1641 3252 omnem
1657 3190 1884 3255 distinctionem
1902 3210 1937 3256 ex
1952 3195 2032 3258 rela-

203 3270 204 3285 ’
259 3279 321 3341 oris
336 3277 410 3340 Dei:
426 3291 461 3338 os
477 3278 566 3342 enim
578 3273 685 3338 Patris
701 3280 746 3336 est
759 3274 875 3338 Filius.
892 3273 973 3336 llaec
988 3275 1052 3336 ille.
1067 3275 1123 3336 libi
1168 3277 1304 3341 tionibus
1319 3279 1418 3346 ortum
1435 3273 1558 3337 ducere:
1574 3273 1624 3334 ttbi
1639 3272 1793 3336 enimnon
1806 3273 2032 3352 cstdistiuotlo,

256 3364 331 3424 satis
361 3365 469 3440 aperte
495 3359 620 3427 indicat,
637 3357 782 3438 Spiritum
798 3362 937 3420 sanctum
954 3357 1000 3420 sle
1015 3376 1030 3420 a
1046 3357 1125 3421 Filio
1175 3376 1234 3425 aee
1250 3374 1396 3431 numerus
1412 3373 1483 3422 esse
1508 3361 1619 3434 potest.
1649 3365 1828 3434 praeterea,
1851 3359 1878 3421 si
1895 3375 1956 3420 non
1985 3375 2035 3423 es·

256 3444 443 3523 procedere,
471 3442 522 3520 qai
548 3458 584 3504 os
608 3439 802 3510 Deidicitur.
820 3439 899 3503 sicot
915 3439 1046 3518 Spiritus
1062 3440 1125 3503 cris
1170 3449 1241 3508 stent
1262 3439 1434 3504 communia
1464 3439 1560 3502 tribus
1586 3439 1727 3516 personis
1756 3441 1857 3502 orurrln
1882 3441 2034 3522 absoluta,

254 3525 354 3590 nostri
371 3543 389 3598 u
405 3533 510 3587 nostro
526 3539 578 3599 ore
593 3524 735 3603 spiretur.
749 3523 834 3585 Idem
847 3522 935 3584 inira:
952 3522 987 3584 lit
999 3524 1125 3599 doceat,
1178 3543 1238 3588 nou
1261 3533 1365 3586 essent
1382 3529 1442 3584 tres
1457 3537 1607 3600 personae
1623 3539 1683 3582 una
1699 3539 1759 3597 res,
1777 3531 1809 3586 ut
1823 3525 1914 3586 docet
1928 3523 2037 3588 Concl-

253 3610 370 3687 inqnit.
393 3624 498 3671 unam
518 3623 585 3670 esse
606 3607 777 3670 essentiam
799 3611 865 3668 tam
886 3605 954 3684 eius
969 3607 1027 3684 qui
1041 3608 1125 3688 acei-
1176 3611 1252 3671 tisim
1274 3607 1478 3668 Lateranense
1501 3622 1568 3683 cup.
1592 3605 1623 3666 2.
1638 3603 1713 3674 Item
1731 3622 1790 3668 non
1807 3623 1969 3684 possemus
1985 3607 2037 3670 de·

248 3693 310 3772 pit,
333 3686 453 3772 ‘quam'
469 3690 559 3752 itlius
574 3705 672 3768 aquo
688 3690 815 3767 accipi.
831 3689 935 3766 ipsius
946 3690 1127 3775 etiamnum
1174 3689 1302 3754 tendere
1316 3687 1371 3752 Dci
1388 3687 1624 3766 sitnplieitatem,
1643 3703 1700 3750 nee
1715 3704 1879 3766 possemus
1894 3689 2037 3752 ostende·

253 3793 275 3837 a
288 3791 359 3856 qno
375 3774 533 3852 procedit.
550 3769 631 3834 Haec
647 3771 709 3832 ille.
726 3771 781 3832 Ubi
797 3791 852 3849 pter
867 3788 937 3832 eum
952 3771 1129 3852 quieceipit
1175 3793 1220 3844 re,
1239 3773 1351 3846 pullam
1369 3769 1586 3846 perlectionem
1600 3786 1670 3832 esse
1686 3770 1714 3830 in
1729 3787 1787 3832 uua
1801 3788 1945 3848 persona.
1958 3789 2038 3852 quae

253 3859 435 3920 essentiam
454 3855 598 3934 intelligit
613 3853 770 3932 Spiritum,
787 3871 843 3930 per
857 3869 925 3915 eum
942 3870 959 3915 u
974 3871 1034 3931 quo
1049 3853 1126 3917 aeri·
1174 3875 1237 3920 non
1253 3862 1292 3917 stt
1308 3855 1336 3916 in
1354 3855 1424 3930 atle3
1440 3869 1533 3930 quare
1548 3851 1678 3914 dubitari
1695 3869 1755 3915 nou
1768 3854 1874 3932 debet,
1885 3855 1959 3934 quin
1971 3856 2039 3919 sola

252 3943 301 4022 pit
316 3938 447 4011 Filium,
464 3953 519 4016 per
534 3954 604 4000 enta
619 3953 635 3995 a
651 3953 712 4016 quo
729 3935 868 4014 procedit
882 3935 1012 3996 Patrem.
1040 3937 1128 4010 Quod
1173 3941 1281 4004 relectio
1293 3937 1462 4014 ‘distinguat
1476 3933 1663 3996 Trinitatem.
2028 4001 2030 4006 ¹

253 4024 280 4086 si
297 4021 441 4100 Spiritus
456 4038 472 4082 a
487 4019 566 4080 Filio
582 4021 748 4082 ementium
763 4017 884 4096 accipit,
899 4017 970 4096 quid
984 4019 1065 4080 alind
1082 4035 1129 4082 re·
1216 4023 1358 4084 Rursum.
1374 4017 1438 4080 Non
1455 4018 1610 4096 quaelibet
1631 4017 1737 4079 relatio
1752 4017 1863 4086 subluit
1878 4019 1915 4080 ad
1931 4019 2039 4082 distin-

252 4103 433 4188 qnirirnns?
445 4101 508 4164 Nec
519 4104 601 4164 enim
614 4105 653 4163 de
666 4117 738 4164 roce
749 4100 898 4164 Procedit
909 4101 1046 4187 quaestio
1058 4118 1130 4164 esse
1175 4105 1307 4168 ctionem
1331 4099 1511 4162 taciendam:
1536 4115 1605 4160 nam
1620 4099 1784 4163 relationes
1800 4117 1859 4162 nan
1877 4103 2039 4182 oppositae

253 4189 366 4260 debet,
383 4184 501 4258 camele
514 4184 624 4264 reipsa
638 4190 769 4247 constet.
782 4181 988 4245 llndelbidem
1001 4183 1130 4264 subjun·
1176 4203 1239 4250 non
1264 4184 1467 4262 distinguunt,
1480 4259 1483 4266 Ι
1496 4189 1527 4244 ut
1550 4188 1640 4261 patet,
1658 4185 1728 4262 qaia
1745 4185 1774 4244 ln
1791 4200 1851 4244 unc
1866 4183 1952 4246 Patre
1967 4191 2041 4250 sunt

252 4271 309 4352 git:
335 4265 449 4349 licque
471 4269 559 4330 enirn
581 4284 624 4329 en
639 4282 675 4330 eo
686 4267 822 4346 prodiit,
838 4267 927 4345 qnod
948 4265 1076 4329 alienae
1089 4268 1132 4330 sit
1177 4271 1257 4337 duae
1280 4267 1471 4342 relationes,
1496 4263 1660 4344 paternitas
1681 4270 1711 4326 ct
1732 4263 1857 4344 spiratio
1879 4265 1986 4340 aetlra,
2010 4273 2042 4330 ot

255 4355 437 4424 essentiae,
461 4356 520 4414 aut
540 4350 670 4430 quidcis
691 4351 814 4428 accipit
836 4365 879 4412 ecc
899 4350 1044 4412 nonsibi
1057 4367 1132 4432 con·
1177 4360 1355 4416 tamennon
1372 4347 2042 4430 distinguuntduaspersonas3ergodebent

251 4434 541 4500 substantialibus.
569 4433 605 4494 Et
630 4431 718 4494 inira:
747 4431 901 4504 Rursum,
927 4431 1037 4509 inquit,
1062 4434 1132 4512 ipse
1179 4449 1250 4498 esse
1266 4433 1430 4496 relationes
1446 4430 1866 4510 oppositaeutdistingnant.

256 4519 410 4596 Spiritus
439 4523 469 4580 et
489 4515 529 4580 ab
556 4516 627 4594 ipso
654 4516 799 4594 procedit
819 4521 849 4576 et
862 4514 1011 4594 mittitur,
1026 4532 1132 4580 riona
1217 4517 1360 4578 Rursum.
1382 4513 1445 4576 lion
1468 4511 1623 4592 quaelibet
1643 4516 1803 4592 oppositae
1825 4511 2041 4593 distinguunt,

254 4604 356 4664 Patre
387 4593 467 4671 soto,
482 4599 541 4662 sed
555 4606 584 4660 et
598 4617 621 4661 a
634 4597 730 4660 Filio.
744 4595 781 4659 m
794 4597 882 4660 iutra:
898 4597 1059 4676 liquidem
1072 4596 1132 4659 Do·
1178 4599 1234 4662 sed
1250 4599 1348 4664 reales
1364 4613 1434 4660 csse
1447 4595 1572 4678 debent:
1586 4611 1656 4658 num
1672 4595 1776 4678 relatio
1788 4595 1953 4659 identitatis
1967 4598 2041 4660 dicit

252 4688 372 4751 minus
389 4682 563 4749 molerano
578 4681 738 4760 Spiritum
749 4685 900 4743 sanctum
914 4697 980 4742 ase
993 4696 1131 4760 emerge·
1178 4679 1417 4762 oppositionem,
1439 4681 1495 4741 sed
1520 4694 1579 4740 non
1601 4677 1771 4758 distinguit,
1795 4677 1865 4756 quia
1889 4694 1949 4740 non
1965 4679 2041 4744 dicit

252 4784 302 4843 re,
318 4765 502 4846 insufflans
516 4767 554 4828 in
568 4763 744 4844 conputas
759 4763 896 4839 dicebat,
908 4764 1047 4843 Accipite
1062 4765 1133 4844 Spi-
1178 4763 1403 4844 oppositionem
1413 4761 1677 4824 realemllursuro
1690 4760 1854 4822 relationes
1866 4761 2039 4837 oppositae,

251 4853 361 4915 ntum
376 4854 541 4912 sanctum.
1176 4854 1210 4910 et
1225 4848 1335 4916 reales,
1349 4847 1394 4908 rel
1408 4845 1571 4907 tundantur
1582 4859 1675 4922 super
1686 4843 1852 4918 quantitate
1862 4849 1894 4924 pt
1906 4845 2041 4921 aequali·

293 4931 392 4996 xt11.
402 4931 565 4992 Titaresios
574 4929 604 4992 in
614 4929 695 5010 epist
715 4929 753 4992 ad
765 4927 1036 5008 patriacbrientts,
1050 4945 1129 5008 quae
1181 4937 1236 5006 tas,
1263 4929 1311 4992 rel
1327 4943 1420 5008 snper
1432 4925 1577 5006 qualitate
1592 4933 1625 4988 ut
1639 4924 1816 4995 similitudo,
1832 4925 1879 4988 rel
1902 4941 1997 5005 super
2008 4945 2041 4990 a·

252 5017 397 5087 babetur
417 5011 482 5075 tlt.
506 5011 629 5092 Synodo
651 5018 710 5075 act.
728 5011 758 5074 3.
777 5013 954 5076 Credimus.
971 5010 1080 5089 inquit,
1094 5012 1133 5076 ia
1178 5014 1280 5076 ctione
1295 5018 1328 5074 ut
1339 5011 1516 5092 paternitas,
1533 5015 1563 5070 et
1576 5007 1750 5072 bliatio:scd
1766 5007 1796 5070 in
1812 5005 1876 5070 Deo
1893 5026 1952 5072 non
1967 5013 2042 5072 sunt

252 5099 430 5180 Spiritum
441 5102 602 5165 sanatum.
619 5097 677 5177 qui
691 5112 734 5160 eae
747 5094 844 5159 Patre
857 5111 917 5172 per
927 5093 1133 5176 Filieunpro·
1178 5095 1345 5157 relationes
1367 5093 1467 5188 reales
1481 5091 1622 5153 fundatae
1638 5091 1667 5152 ln
1685 5091 1861 5170 quantitate,
1877 5098 1929 5152 aut
1943 5091 2042 5170 quali·

255 5184 360 5247 cedit.
952 5226 957 5231 .
1176 5183 1249 5254 tate;
1272 5193 1346 5258 ergo
1368 5177 1467 5249 selum
1488 5179 1649 5237 remanent
1670 5174 1834 5238 relationes
1850 5173 1990 5238 fundatae
2006 5173 2041 5237 in

294 5265 386 5328 XIV.
404 5261 552 5325 blarimus
566 5258 612 5322 rir
626 5260 823 5323 doctissimus
836 5263 867 5322 et
877 5264 1002 5322 satietas
1016 5257 1046 5321 in
1060 5276 1130 5338 cap.
1177 5260 1310 5332 actione,
1329 5275 1407 5339 quae
1422 5257 1564 5320 dicuntur
1574 5257 1739 5338 relationes
1750 5256 1889 5336 originis,
1902 5271 1981 5334 quse
1993 5254 2041 5320 di·

250 5347 284 5410 Ι.
302 5347 407 5422 zach.
424 5344 718 5426 Spiritnssanctus,
734 5343 842 5421 inquit,
856 5343 1132 5424 quemadmodum
1177 5345 1336 5424 stinguere
1351 5346 1481 5421 possunt
1494 5356 1655 5424 personas.
1823 5393 1825 5398 .

249 5430 449 5496 secmeduua
474 5427 646 5492 metentium
665 5424 723 5488 lici
738 5425 886 5489 etPatris
901 5426 1021 5497 aetite
1036 5425 1132 5488 etFi·
1217 5423 1366 5489 Probatur
1379 5421 1559 5500 assumptio.
1575 5423 1648 5486 Nam
1663 5425 1694 5485 in
1706 5422 1769 5484 beo
1785 5426 1832 5482 est
1846 5418 1970 5498 quidem
1986 5436 2038 5486 se·

251 5517 292 5578 lii
317 5513 513 5578 secundum
539 5511 714 5575 essentiam
737 5513 793 5573 eet.
809 5514 969 5587 tanquam
983 5525 1026 5572 eac
1036 5508 1133 5571 Patre
1177 5508 1308 5586 qualitas
1329 5513 1362 5590 et
1381 5506 1560 5580 similitudo,
1577 5505 1632 5568 sed
1648 5507 1718 5586 quia
1734 5502 1964 5566 tundamentum
1982 5505 2038 5568 bo·

252 5595 494 5668 nsmttattter,
508 5609 569 5674 per
578 5590 1044 5671 Filiumineffabiliternatum
1055 5606 1131 5670 pro·
1176 5605 1244 5652 rum
1261 5591 1397 5652 omnium
1412 5595 1459 5652 est
1473 5589 1537 5654 sola
1550 5589 1694 5654 essentia.
1711 5601 1789 5667 quae
1802 5593 1848 5648 est
1860 5603 1917 5648 unu
1931 5602 2038 5650 numo-

253 5684 395 5746 ccdeas.
414 5677 493 5742 citat
506 5677 588 5739 bunc
603 5677 704 5740 locum
720 5673 862 5735 Bcssario
878 5691 945 5754 cup.
961 5673 993 5738 b.
1175 5687 1223 5750 ro;
1238 5671 1309 5743 ideo
1326 5673 1401 5734 istae
1416 5671 1581 5734 relationes
1597 5671 1722 5735 rationis
1737 5673 1819 5742 sunt,
1837 5685 1896 5731 utin
1913 5669 2034 5732 reulese

294 5763 365 5828 XV.
384 5758 588 5827 Estlounnes
599 5759 806 5820 bamasccnus
818 5755 872 5817 tib.
888 5755 917 5817 l.
931 5753 1047 5836 desid.
1061 5771 1130 5834 cup.
1175 5771 1239 5818 non
1262 5753 1345 5818 enirn
1366 5760 1497 5834 possunt
1513 5769 1583 5816 esse
1598 5754 1697 5817 reales
1711 5753 1888 5825 relationes,
1905 5751 1956 5814 ubi
1974 5767 2037 5816 non
2074 5753 2081 5776 ⁴

255 5845 307 5910 ts.
330 5847 468 5924 Imago.
490 5841 721 5922 inquietastis
735 5837 1128 5916 castromonasterii
1175 5844 1249 5908 sunt
1269 5837 1465 5900 fundamenta
1487 5835 1622 5916 proxima
1642 5835 1782 5900 distinctu
1799 5835 1931 5898 realiter.
1949 5833 1985 5894 Et
2001 5835 2037 5896 li·

252 5931 345 5994 ritus
369 5933 519 5992 sanctus:
546 5930 575 5986 at
590 5932 671 5987 certe
686 5923 786 6004 imago
801 5923 839 5984 ab
855 5919 1130 6000 cxernplariltabet
1173 5926 1225 5986 act
1244 5919 1411 6002 aequalitas
1433 5924 1463 5982 et
1484 5917 1652 5982 similitudo
1673 5921 1703 5982 in
1720 5919 1784 5981 lieu
1798 5921 1903 5981 esseut
1917 5916 2037 5978 relatio·

251 6029 344 6079 esse.
377 6011 419 6074 ttt
431 6009 521 6073 lutra:
536 6007 620 6070 Deus
636 6007 776 6091 Spiritus
789 6011 922 6083 sanctus
935 6003 1062 6080 medius
1075 6004 1131 6092 ing
1173 6021 1230 6070 nes
1246 6005 1356 6083 reales,
1373 6007 1405 6068 ut
1422 6003 1481 6066 vult
1498 6003 1618 6082 Scelus,
1632 6010 1731 6067 tarnen
1744 6002 1843 6078 adltuc
1855 6015 1918 6064 non
1928 6007 2037 6081 posset

412 6113 582 6171 secatam.
603 6111 662 6170 toi.
681 6110 703 6165 l.
1283 6193 1286 6200 Ι
1599 6161 1601 6165 ,
1831 6102 1867 6158 sb
