4792 7009
415 686 468 744 iio
1110 675 1156 736 be
1174 675 1318 737 cnntsro

344 831 447 884 contra
474 817 659 895 scripturam
687 816 784 880 leriae
799 834 867 897 cap.
884 815 934 878 ιι.
953 815 1018 895 Epo
1033 811 1201 890 Dominus,
1251 827 1321 876 rere
1337 812 1404 876 sine
1421 830 1554 894 purpura
1572 820 1601 878 ct
1616 822 1748 897 sceptro.
1766 831 1806 880 ne
1821 815 1847 880 si
1863 813 2074 896 conspiciatur
2086 815 2119 878 iu

342 905 483 984 pieriam
496 917 606 963 mcum
619 902 715 965 alleri
727 917 796 964 non
808 901 903 963 daho.
918 900 954 960 Et
966 900 1138 960 deindecst
1150 895 1205 956 im·
1253 902 1335 989 ueste
1357 897 1491 976 plebcja,
1510 915 1569 960 non
1586 907 1769 978 agnoscatur
1784 917 1839 981 pro
1857 916 1943 981 rege,
1962 907 1992 962 el
2008 901 2119 980 paula·

343 985 506 1069 possibile,
527 983 777 1046 ereaturam-heri
793 985 952 1063 aequalem
976 985 1118 1055 creatori,
1135 993 1207 1039 cum
1251 984 1305 1040 trnr
1322 981 1436 1042 amittat
1451 997 1579 1061 regnum
1595 991 1655 1045 etc.

344 1067 523 1132 necessario
546 1068 585 1128 sit
605 1066 701 1142 linita,
730 1068 907 1146 temporalis
929 1071 989 1127 etc.
1012 1063 1099 1124 Unde
1115 1062 1145 1122 in
1162 1060 1206 1122 di·
1295 1064 1388 1126 Latini
1405 1065 1561 1139 succipiunt
1576 1065 1868 1132 utsiladrersativa.
1883 1072 1913 1128 ιι
1924 1065 2120 1144 aequiralcat

344 1159 428 1232 aput.
444 1151 475 1214 ι.
492 1150 573 1212 idem
596 1149 778 1212 Franciscus
797 1150 906 1210 ridens
921 1163 982 1208 nnn
998 1162 1091 1225 posse
1107 1143 1208 1206 consi·
1254 1147 1422 1226 particulae
1448 1153 1557 1210 lamera
1579 1149 1653 1220 sire,
1676 1151 1733 1212 aad
1755 1156 1874 1211 lamera.
1892 1149 1934 1212 lta
1949 1147 2117 1226 Angustia.

343 1243 428 1300 stere
443 1234 525 1313 quod
540 1241 629 1296 antea
645 1234 773 1301 dixerat,
790 1233 890 1306 docet,
908 1228 1063 1292 Christum
1079 1243 1139 1289 nun
1156 1243 1205 1288 es·
1254 1231 1309 1292 lib.
1327 1230 1357 1290 2.
1376 1235 1457 1292 cont.
1484 1229 1638 1292 Maruimin.
1663 1248 1730 1308 cap.
1748 1232 1778 1294 5.
1796 1233 1848 1293 uhi
1864 1232 1947 1294 barrae
1963 1233 2028 1292 uult
2044 1248 2118 1293 csse

344 1333 380 1381 se
402 1316 560 1396 aequalem
583 1315 660 1377 Patri
683 1317 839 1392 dignitate,
863 1329 933 1375 cum
951 1313 1018 1388 ipse
1034 1311 1140 1372 adoret
1154 1309 1207 1370 Pa·
1254 1329 1393 1375 sensum:
1424 1311 1501 1373 Cum
1522 1313 1559 1376 iu
1580 1313 1686 1390 formu
1702 1315 1757 1376 liei
1771 1321 1860 1382 esset.
1877 1330 1946 1378 mou
1959 1316 2119 1390 rupiacum

344 1409 435 1474 trem,
459 1415 520 1461 non
542 1406 660 1474 contra3
682 1399 737 1458 sed
754 1412 824 1458 esse
840 1395 1013 1474 aequalem,
1029 1394 1101 1474 quia
1115 1392 1211 1454 habel
1257 1395 1433 1458 arbitratus
1456 1399 1511 1462 ιιι.
1531 1412 1595 1458 case
1610 1412 1643 1458 se
1658 1399 1830 1475 aeqrtalem
1843 1397 1918 1463 ilco.
1935 1397 1994 1458 sed
2008 1403 2118 1460 taurea

345 1483 598 1560 amaaipctcntlum
613 1480 868 1542 communicatum
884 1497 899 1538 a
916 1477 993 1540 lieo.
1256 1479 1441 1542 ιιιιιιιιιιιι
1455 1494 1488 1542 ae
1504 1486 1561 1540 etc.
1580 1479 1669 1548 idest.
1694 1480 1765 1541 licet
1783 1481 2022 1560 eaaatacqucla'a
2036 1480 2113 1552 Dea,

387 1566 446 1627 Sed
462 1580 577 1643 quaero
592 1563 629 1623 ub
644 1563 710 1623 illo:
725 1563 879 1640 quomodo
891 1557 1209 1635 habeutomnipolen·
1254 1578 1324 1626 mara
1346 1567 1455 1623 carnea
1476 1561 1601 1624 horruit
1615 1562 1755 1638 sormam
1769 1565 1864 1626 serui.
1882 1563 1924 1624 lta
1940 1565 2028 1624 etium
2046 1567 2117 1624 hm·

347 1650 432 1721 tiam,
454 1664 491 1707 an
514 1645 692 1714 intrinsece,
709 1646 749 1705 ita
765 1651 799 1706 ut
814 1646 881 1723 ipse
904 1645 996 1706 homo
1017 1640 1156 1703 Christus
1171 1641 1212 1701 sit
1256 1645 1351 1706 brosii
1370 1643 1625 1707 Commentarius:
1643 1646 1780 1707 Etiamsi
1795 1653 1864 1708 erat
1878 1645 2026 1724 aequatis
2042 1649 2118 1716 hau,

346 1731 568 1805 quinipulum,
595 1745 633 1790 an
662 1728 835 1789 extrinsece
859 1743 917 1806 per
941 1724 1208 1796 inhabitationem,
1255 1743 1324 1792 nou
1345 1731 1455 1788 lumen
1475 1726 1538 1790 silli
1558 1726 1701 1804 defendit
1715 1730 1958 1807 aequalitatem,
1975 1730 2034 1791 red
2050 1730 2123 1791 cmi·

346 1815 417 1896 qnia
434 1812 527 1872 babet
541 1814 572 1871 in
588 1827 623 1872 se
638 1810 827 1872 habitantem
839 1810 937 1870 Deum
950 1805 1213 1887 omnipotentem?
1254 1811 1384 1872 muniuit
1397 1825 1441 1878 se.
1453 1810 1543 1880 idest,
1558 1811 1740 1872 conualuit
1751 1819 1924 1887 praetacta
1936 1812 2123 1891 aequalila-

347 1895 498 1974 Siprimo
522 1895 624 1966 modo,
648 1894 727 1954 redit
741 1893 825 1971 prior
840 1891 1013 1965 difficultas,
1031 1890 1101 1968 quia
1114 1889 1142 1950 si
1158 1888 1211 1950 ille
1256 1894 1294 1956 tia
1310 1891 1589 1972 adalrammum
1599 1895 1795 1958 naturaiiter
1807 1894 1955 1970 laudabat,
1968 1910 2126 1958 recusare

344 1979 439 2041 homo
454 1976 546 2038 habet
557 1977 725 2038 intrinsece
737 1975 885 2045 inlinitum
901 1974 1079 2054 potentiana
1096 1987 1169 2051 ergo
1182 1977 1213 2033 et
1256 1975 1472 2040 humilitatem
1483 1976 1647 2054 passionis
1663 1979 1827 2040 almuciis.

346 2060 497 2124 inlinitum
510 2059 689 2136 essentiam,
703 2075 777 2138 crgo
793 2066 840 2119 est
861 2059 912 2120 ille
935 2075 1016 2118 unus
1041 2057 1135 2126 haus,
1158 2055 1212 2131 qui
1299 2059 1342 2120 hd
1370 2059 1469 2120 lacum
1498 2057 1674 2120 Tertulliani
1697 2061 1766 2122 dico
1788 2063 1862 2124 duo:
1879 2059 2125 2128 Primuliacum

347 2145 439 2205 etiarn
455 2149 504 2204 est
516 2142 615 2205 Pater.
632 2142 818 2203 Sisecunde
833 2141 936 2213 medo,
951 2138 1027 2201 nihil
1041 2138 1154 2199 Paulus
1165 2138 1210 2198 di·
1257 2141 1296 2206 dc
1312 2140 1457 2204 Τιιιιιιιιι
1471 2141 1523 2222 qui
1540 2141 1725 2204 Tertulliano
1742 2144 1893 2215 tribuitur,
1911 2159 1972 2206 non
1989 2159 2062 2206 esse
2080 2143 2124 2221 ip·

347 2233 442 2301 cerel,
466 2241 536 2286 nam
552 2226 611 2286 hoc
626 2225 717 2286 modo
733 2239 842 2287 ornnes
854 2223 927 2302 justi
946 2228 1050 2284 essent
1066 2220 1212 2300 aequales
1258 2225 1335 2288 sius.
1359 2223 1414 2285 sed
1440 2225 1540 2299 potius
1557 2224 1723 2294 lloratiani,
1741 2232 1774 2286 ut
1789 2225 1994 2305 {lieronymus
2009 2227 2126 2288 asserit

346 2307 424 2382 lieo,
440 2308 511 2386 quia
527 2307 643 2368 habent
658 2307 688 2367 in
704 2323 738 2368 se
754 2306 850 2368 licum
868 2304 1067 2366 habitantem.
1257 2307 1312 2370 lib.
1326 2307 1357 2368 2.
1376 2307 1405 2366 ln
1423 2305 1531 2368 llullln.
1550 2312 1580 2368 et
1595 2308 1633 2368 de
1648 2308 1930 2386 Scriptorahcoles.
1942 2308 1976 2372 in
1987 2309 2124 2370 horatia·

390 2391 465 2468 Quia
487 2392 581 2470 igitur
601 2391 658 2451 ista
672 2390 820 2468 espositio
835 2405 897 2450 nen
914 2388 1053 2466 quadrat,
1071 2385 1214 2466 Transyl·
1257 2405 1309 2452 no.
1334 2390 1477 2452 Secundo
1499 2391 1580 2452 dico:
1602 2391 1786 2452 sententiam
1802 2391 1894 2470 hujus
1910 2392 2045 2454 auctoris
2061 2407 2126 2454 non

345 2475 416 2537 uani
441 2473 575 2535 ministri
599 2472 654 2533 lib.
671 2471 702 2533 2.
719 2489 788 2551 cap.
804 2471 835 2533 tl.
852 2471 974 2538 dicunt,
998 2469 1127 2531 Paulum
1149 2485 1213 2531 non
1259 2488 1331 2536 esse
1355 2478 1461 2534 cantra
1489 2487 1558 2548 nos3
1586 2473 1637 2534 illc
1663 2474 1745 2536 enim
1772 2474 1856 2546 dicit,
1882 2474 1991 2536 uitium
2007 2491 2043 2538 sc
2059 2491 2127 2536 non

350 2557 467 2630 dicere,
496 2553 650 2618 Christum
675 2570 746 2616 esse
772 2556 932 2630 aequalem
960 2553 1024 2615 lieo
1046 2552 1137 2627 Patri,
1156 2552 1214 2614 sed
1259 2570 1454 2633 comparasse
1477 2553 1566 2630 Patri,
1591 2557 1690 2618 sulum
1709 2557 1976 2636 propterartaiais
1992 2559 2129 2620 auctori·

348 2641 535 2702 contrarium
550 2639 665 2716 potius.
682 2637 858 2698 larancenim
872 2637 1212 2713 esserolnnlsensum3
1261 2646 1363 2708 tutem,
1387 2653 1447 2700 non
1472 2646 1596 2716 propter
1614 2639 1746 2716 aliquam
1763 2639 1965 2702 nilierentiam
1983 2647 2128 2702 naturae.

346 2723 584 2802 honropirmm
595 2720 773 2783 arbitratus
783 2727 838 2794 est,
854 2720 1010 2789 nimirum,
1025 2719 1212 2791 laciendum,
1259 2721 1331 2784 llam
1359 2720 1473 2782 ibidem
1501 2723 1582 2782 clara
1604 2723 1724 2792 asserit,
1743 2724 1854 2784 litium
1869 2722 1965 2784 luisse
1981 2722 2012 2784 in
2029 2723 2126 2784 torma

347 2814 381 2867 ιιι
403 2812 488 2866 esset
508 2804 646 2881 aequalis
663 2803 739 2864 ileo:
757 2803 911 2879 quomodo
928 2801 1054 2879 exponit
1067 2800 1214 2863 Erasmus
1260 2805 1324 2875 liei,
1347 2804 1417 2882 quia
1440 2803 1470 2865 in
1495 2814 1599 2866 natura
1622 2803 1676 2866 liei
1693 2813 1724 2869 et
1737 2819 1832 2884 super
1846 2805 1961 2874 omnia,
1978 2805 2062 2868 sicut
2078 2813 2126 2868 est

347 2888 408 2950 hoe
433 2887 514 2954 loco,
531 2892 647 2948 etanta
672 2901 743 2948 eum
767 2886 950 2947 llaximinus
975 2885 1106 2947 hriunus
1130 2883 1213 2961 apud
1259 2887 1358 2950 Pater:
1375 2891 1406 2948 et
1420 2892 1533 2959 tamen,
1551 2887 1621 2964 quia
1638 2889 1705 2966 ipse
1721 2895 1798 2950 asta
1816 2888 1912 2953 Patre,
1937 2903 1998 2950 nnn
2017 2903 2125 2950 econ·

347 2974 474 3050 August.
491 2969 546 3031 lib.
562 2969 594 3030 2.
611 2985 679 3048 cap.
695 2969 725 3030 5.
744 2968 781 3029 lit
796 2970 927 3046 probant
938 2969 1049 3046 primo,
1063 2968 1132 3047 quia
1146 2982 1214 3046 par·
1260 2970 1365 3044 traria,
1389 2969 1539 3032 detulisse
1555 2987 1624 3030 eum
1639 2987 1764 3049 semper
1778 2971 1895 3047 aliquid
1912 2971 2001 3034 l‘atri.
2018 2971 2127 3045 licque

348 3054 440 3116 ticula
463 3053 650 3115 adversativa
674 3051 738 3114 Sed
753 3052 784 3111 ld
801 3051 920 3111 uidetur
941 3048 1118 3112 ostendere.
1135 3049 1166 3110 Si
1182 3064 1214 3110 e
1260 3060 1307 3114 est
1323 3053 1381 3113 hoc
1397 3052 1494 3114 sullus
1506 3054 1695 3130 Tertulliani,
1710 3056 1764 3116 sed
1778 3053 1883 3122 Hilarii
1897 3053 1951 3116 lib.
1965 3053 1994 3114 s.
2009 3055 2049 3116 de
2062 3053 2126 3116 Tri·

348 3139 412 3199 nim
429 3137 474 3198 sic
489 3135 642 3214 legamus,
662 3134 802 3196 Clearetae
817 3135 1113 3196 mautuaeceuauit
1123 3131 1215 3194 Patra·
1260 3136 1330 3207 nil..
1353 3135 1455 3196 Basilii
1479 3136 1534 3198 l=h.
1553 3137 1581 3196 ι.
1599 3136 1629 3196 ιι
1648 3135 1791 3200 liunnm..
1816 3136 1995 3198 llauianceni
2017 3137 2075 3198 lib.
2091 3137 2123 3199 l.

348 3219 532 3300 aequalem,
555 3218 613 3279 scd
632 3219 839 3296 acraratipsum
861 3216 1067 3289 caiacuiuit3
1082 3215 1136 3294 qui
1157 3213 1215 3276 erit
1260 3216 1383 3292 Theoi„
1400 3224 1429 3278 et
1445 3215 1546 3298 Cyriili
1562 3220 1618 3284 lib.
1632 3220 1663 3284 2.
1679 3220 1760 3284 thes.
1773 3237 1842 3298 cap.
1856 3217 1887 3281 3.
1901 3220 1952 3297 qul
1967 3225 2127 3296 exponunt

350 3301 489 3366 sensus?
503 3301 576 3360 rit-si
590 3299 686 3375 dicas,
703 3300 844 3362 Christus
857 3313 927 3362 uon
939 3300 1067 3376 putauit
1080 3297 1213 3376 repleru-
1259 3301 1298 3364 de
1314 3299 1389 3362 titia
1407 3299 1473 3366 liei.
1491 3319 1549 3362 nnn
1566 3304 1665 3372 aulum
1684 3309 1715 3363 ut
1731 3309 1778 3364 est
1793 3302 1874 3364 lilios
1891 3300 2042 3371 hominis,
2067 3303 2125 3364 sed

350 3386 430 3447 cium
444 3382 685 3460 ceqrcalilatem.
704 3383 759 3442 scu
783 3399 800 3444 ι
822 3383 984 3445 caranceio
1008 3383 1216 3460 semetipsum
1261 3385 1353 3445 etiam
1370 3388 1402 3444 nt
1419 3389 1465 3444 est
1480 3385 1575 3446 Filius
1590 3386 1643 3446 liei
1660 3385 1756 3450 Putea·
1768 3385 1938 3466 majoram
1950 3391 2004 3448 eat:
2020 3383 2128 3448 dieunt

350 3466 547 3539 emimaniaih
564 3466 696 3542 optimus
711 3467 768 3527 erit
779 3481 904 3526 sensus.
1261 3467 1356 3534 enim,
1383 3464 1502 3527 Patrem
1527 3481 1599 3530 esse
1625 3468 1774 3547 majorem
1790 3469 1907 3530 ratione
1924 3465 2081 3544 principii.
2098 3473 2128 3528 et

393 3549 539 3612 Secundo
566 3549 696 3625 probant
722 3565 760 3608 ιι
786 3546 994 3619 Τιιιιιιιιιιο,
1023 3546 1075 3626 qui
1097 3547 1153 3608 lib.
1176 3546 1215 3608 da
1261 3555 1362 3609 tarrnen
1387 3546 1498 3612 Filium
1521 3565 1582 3614 non
1604 3565 1676 3614 esse
1692 3551 1842 3616 mineram
1858 3555 1983 3629 propter
1999 3555 2128 3613 naturae

351 3632 434 3694 irin.
452 3632 497 3692 sic
511 3633 564 3692 uit:
583 3628 733 3705 Qammuia
747 3646 780 3691 sc
796 3646 838 3692 eac
851 3629 915 3690 lieo
929 3629 1025 3692 Patra
1036 3630 1137 3692 Deum
1149 3643 1216 3692 esse
1260 3621 1463 3695 identitatem.

350 3716 558 3782 meminisset,
586 3729 767 3792 numquam
783 3729 817 3774 se
833 3712 894 3774 lieo
909 3712 1001 3775 Patri
1015 3720 1073 3774 aut
1086 3729 1215 3794 campe·
1302 3713 1490 3775 Undecimus
1505 3715 1592 3776 lacus
1608 3721 1655 3778 cst
1671 3716 1700 3778 l.
1716 3714 1765 3778 lu.
1782 3715 1811 3776 5.
1831 3715 1904 3776 urea
1919 3720 1996 3780 aaut
2010 3715 2070 3794 qui
2084 3721 2130 3776 ιι-

352 3799 448 3871 ruah,
472 3805 530 3859 aaut
550 3796 686 3859 cerataulit-
700 3801 758 3858 ιιι.
774 3796 811 3857 ht
824 3803 943 3857 cerrtra.
960 3795 1033 3856 llam
1048 3799 1147 3877 primo
1163 3797 1217 3857 l'a·
1261 3796 1451 3860 alimannia-m
1465 3798 1546 3859 daut
1559 3798 1598 3860 io
1611 3799 1709 3860 chelm
1727 3798 1833 3872 Pater,
1852 3797 1987 3860 Verbum
2013 3797 2129 3876 alSpa'-

350 3889 413 3942 tres
429 3895 537 3941 omnes
553 3886 641 3940 antea
657 3879 740 3941 citati
753 3879 871 3947 dicunt.
888 3877 1042 3941 Christum
1057 3879 1217 3942 fuissene·
1260 3881 1343 3942 ritate
1363 3886 1506 3952 sancitus,
1523 3885 1551 3942 el
1566 3880 1601 3945 ιιι
1615 3887 1677 3944 tres
1691 3897 1798 3944 uacum
1812 3887 1900 3942 aunt:
1915 3887 1944 3940 at
1959 3887 2021 3943 tres
2036 3887 2126 3952 amat,

351 3964 474 4043 qualem
500 3962 590 4035 Patri,
613 3977 675 4023 non
692 3977 729 4023 ex
744 3962 861 4039 rapina,
886 3962 957 4037 quia
974 3977 1012 4024 ex
1027 3970 1145 4023 natura.
1162 3963 1216 4022 Se·
1260 3963 1319 4044 qui
1343 3964 1563 4026 testimouium
1588 3964 1669 4026 aaut
1683 3965 1721 4026 iu
1736 3971 1833 4032 terra.
1857 3964 2004 4041 spiritua,
2035 3979 2129 4043 uque

352 4045 455 4108 cundo
480 4046 567 4106 locus
589 4045 657 4122 ipse
671 4046 711 4107 ιιι
727 4051 825 4119 sonat,
844 4044 902 4105 nisi
919 4044 1068 4106 uiolenter
1082 4046 1219 4107 trabatur
1259 4053 1289 4108 et
1312 4045 1459 4125 auupuia.
1487 4045 1553 4120 Qua
1578 4046 1646 4108 loco
1669 4063 1696 4109 s.
1713 4045 1847 4108 loannes
1869 4046 1932 4108 uult
1947 4047 2128 4122 ostendere;

351 4130 423 4191 ulio.
447 4127 560 4197 Tertio,
579 4128 691 4207 quiesi
709 4129 740 4188 in
757 4127 850 4187 turma
866 4126 921 4189 [ιιι
936 4141 1020 4199 esse,
1037 4134 1084 4189 est
1099 4143 1170 4190 esse
1185 4130 1216 4188 in
1264 4127 1417 4192 Christum
1443 4143 1514 4192 csse
1540 4143 1644 4190 verum
1659 4128 1757 4192 ileum
1787 4135 1816 4190 et
1831 4143 1936 4191 rerum
1953 4128 2127 4202 hominem,

293 4213 298 4222 '
351 4210 487 4273 essentia
505 4210 572 4287 lici,
590 4217 729 4289 utsupra
745 4209 887 4285 diximus,
902 4210 1225 4290 nonpoteratPauhrs'
1264 4218 1294 4272 ct
1320 4219 1483 4288 propterea
1508 4210 1595 4273 alleri
1621 4211 1793 4274 testimonia
1816 4209 1916 4274 diuina
1933 4217 1964 4272 et
1981 4211 2127 4281 trumaaa,

351 4297 468 4364 dicare,
492 4292 603 4353 Filium
627 4309 688 4354 non
712 4308 783 4355 esse
798 4294 971 4370 aequalem,
987 4293 1218 4374 quemjamdi·
1263 4309 1323 4355 nea
1348 4295 1431 4354 enirn
1457 4310 1526 4356 cum
1553 4293 1605 4355 aila
1635 4293 1708 4358 Trea
1733 4299 1820 4366 sunl,
1837 4296 1896 4372 qui
1911 4294 2131 4356 testimoniium

352 4384 437 4439 serat
452 4391 523 4436 esse
539 4376 570 4435 in
587 4376 681 4436 torma
700 4377 767 4438 [ιιι.
1265 4378 1346 4440 dunt
1358 4376 1397 4439 ιιι
1411 4376 1509 4450 ιοιιο,
1534 4392 1589 4455 ιιι
1610 4375 1692 4438 illam
1708 4393 1814 4439 uocem
1831 4378 1869 4440 ιιι
1883 4377 1970 4440 coelo
1986 4375 2131 4454 intelligit

392 4459 430 4519 nr
454 4459 532 4518 illud
557 4458 595 4517 de
618 4459 804 4520 aduersatiru
827 4457 1016 4536 respondeo:
1031 4473 1139 4520 rocam
1155 4457 1219 4522 Sed
1264 4458 1367 4520 locum
1393 4460 1572 4532 coelestem,
1595 4447 1660 4520 sed
1667 4457 1833 4524 testimonii
1848 4460 2037 4537 qualitalem3
2056 4460 2131 4520 alio-

352 4548 383 4602 ιι
404 4555 515 4620 graece
539 4537 630 4606 ἀλλὰ.
647 4541 761 4602 habere
778 4541 978 4617 multiplicem
994 4541 1065 4602 rim:
1082 4543 1219 4618 aliquan·
1266 4541 1316 4686 qui
1344 4541 1432 4602 etiam
1459 4542 1559 4621 angeli
1585 4548 1659 4606 sunt
1679 4543 1709 4603 in
1733 4543 1839 4614 coelo,
1864 4548 1895 4602 et
1916 4540 2129 4605 testimonium

353 4627 393 4684 do
421 4623 504 4685 enim
531 4624 625 4683 habet
639 4623 700 4690 rim
715 4625 927 4693 correctionis,
945 4630 976 4683 et
992 4625 1049 4684 boc
1065 4626 1156 4685 mado
1171 4640 1220 4686 ac·
1292 4624 1386 4686 bristo
1403 4640 1465 4686 non
1482 4625 1577 4686 semel
1594 4625 1757 4690 dederunt.
1775 4631 1805 4686 et
1819 4629 1919 4686 lamen
1937 4630 1999 4686 tres
2014 4629 2133 4686 lantum

353 4706 435 4785 cepit
450 4704 688 4784 chrysostomus
703 4723 771 4768 cum
788 4707 993 4781 theodoreto,
1010 4707 1219 4786 theophylus
1267 4711 1364 4768 testes
1379 4705 1409 4766 in
1426 4707 1514 4770 cecla
1528 4705 1662 4770 luanrres
1678 4709 1774 4786 punit,
1790 4707 1920 4781 Patrem,
1940 4705 2073 4770 Verbum
2102 4713 2133 4768 et

352 4798 383 4850 ιο
416 4796 446 4849 ιι
462 4787 662 4850 Oeeumenio:
679 4789 712 4850 bi
728 4789 812 4850 enim
834 4790 884 4862 qui
908 4796 991 4850 recte
1005 4788 1220 4869 intelligebant
1269 4788 1415 4867 Spiritum
1442 4798 1591 4852 sanctum.
1619 4789 1724 4870 ltaque
1752 4806 1808 4869 per
1828 4795 1923 4852 testes
1944 4789 1996 4867 qui
2012 4789 2133 4850 suntin

358 4887 501 4950 graecam
526 4871 675 4948 linguam,
700 4875 805 4933 retunt
827 4869 918 4933 etth.
942 4888 1014 4933 esse
1036 4879 1138 4933 notam
1155 4887 1221 4932 cor·
1269 4871 1369 4940 coelo,
1392 4872 1604 4952 intelliguntur
1621 4880 1714 4936 testes
1730 4871 2132 4950 dicirit-uldisttapuamur

355 4953 514 5016 rectionis.
532 4961 563 5014 ιι
579 4957 660 5016 hunc
676 4971 747 5017 esse
763 4970 904 5016 sensum.
921 4971 995 5016 cuna
1013 4953 1152 5016 Christus
1174 4969 1220 5016 ea·
1267 4971 1283 5014 ι
1306 4953 1434 5018 testibus
1459 4955 1601 5018 hunuruis
1618 4963 1647 5016 et
1662 4957 1785 5030 erectim
1803 4960 1834 5016 et
1848 4961 2009 5034 propterea
2035 4954 2133 5016 etiam

354 5044 400 5098 set
412 5038 451 5098 iu
464 5036 572 5113 farma
586 5035 656 5100 lici.
672 5040 754 5099 adea
770 5055 839 5100 uon
852 5039 980 5115 praeemit
993 5038 1150 5115 rapinum
1166 5052 1221 5098 ae·
1267 5037 1360 5115 paulo
1385 5043 1455 5113 post
1470 5038 1522 5100 ait:
1540 5037 1576 5100 Si
1591 5037 1811 5102 testimouium
1825 5037 1995 5100 hominurn
2012 5037 2134 5115 accipi-

355 5135 459 5199 quare
470 5134 503 5178 ac
517 5120 591 5182 hen.
603 5126 640 5180 ut
654 5123 761 5196 paticus
776 5137 846 5183 ιιοιι
861 5122 1056 5183 dubitauerit
1071 5120 1220 5181 alissimu-
1266 5134 1349 5192 urus,
1373 5121 1591 5182 testimonium
1605 5120 1663 5182 llei
1675 5122 1783 5198 cuppas
1798 5129 1853 5184 eal.
1868 5120 1953 5182 Sicut
1964 5119 2059 5196 igitur
2070 5120 2133 5197 spi·

354 5205 425 5266 lare
439 5217 536 5262 aucum
550 5202 765 5274 diuinitatem,
784 5207 989 5282 ctaepouere
1010 5203 1222 5282 quodamme·
1267 5201 1355 5274 ritus,
1380 5217 1457 5279 aqua
1489 5211 1518 5264 el
1533 5203 1659 5280 suntquis
1674 5210 1746 5265 sunt
1761 5203 1934 5266 testimonia
1949 5209 2085 5276 terrena,
2104 5209 2133 5263 ct

356 5288 396 5349 dc
416 5285 567 5361 erisipela
587 5285 686 5365 leucius
701 5288 921 5365 caeqrualilatts.
939 5287 1019 5363 quia
1033 5292 1137 5346 certus
1153 5289 1223 5345 crat
1269 5285 1509 5362 comprobarunt
1523 5301 1625 5348 reram
1640 5284 1749 5348 Christi
1763 5286 1994 5356 humanitatem,
2009 5284 2132 5359 quando

354 5385 424 5431 mou
443 5383 537 5448 posse
557 5385 592 5430 se
614 5385 689 5429 earu
710 5372 866 5436 amittere.
891 5384 967 5430 cum
980 5368 1145 5430 carrucatis
1159 5365 1224 5430 sihi
1268 5366 1411 5426 uidelicet
1425 5368 1456 5426 in
1470 5374 1569 5430 merle
1582 5367 1693 5430 Christi
1710 5385 1745 5432 cx
1761 5385 1815 5430 ore
1831 5367 1928 5448 ipsius
1940 5367 2078 5445 spiritus,
2091 5381 2132 5427 ex

356 5460 445 5513 asael.
469 5449 592 5512 luerunt
613 5456 792 5529 exemplum
808 5453 845 5512 de
861 5465 935 5529 rege
958 5457 989 5509 ct
1005 5458 1145 5528 tyranno.
1164 5448 1221 5520 Qui
1268 5449 1362 5510 latere
1379 5465 1458 5526 equa
1473 5457 1504 5510 et
1518 5451 1643 5528 sanquis
1657 5450 1822 5514 fluxerunt:
1840 5451 1884 5512 ιιι
1895 5465 2020 5529 quoque
2032 5448 2130 5522 later,

357 5535 440 5595 enim
456 5534 524 5595 scit.
542 5552 577 5596 se
593 5550 699 5596 rerum
717 5543 747 5595 et
762 5536 932 5611 legitimum
956 5548 1072 5610 regem.
1085 5547 1147 5593 nec
1160 5532 1223 5593 ullo
1270 5530 1403 5592 terbum
1430 5538 1459 5594 et
1475 5531 1607 5610 Spiritus
1633 5541 1758 5596 serratus
1784 5539 1857 5594 sunt
1875 5546 2034 5610 personae
2056 5531 2134 5592 diri·

358 5616 448 5678 modo
471 5616 557 5675 timet
577 5617 649 5689 sibi,
667 5617 720 5677 ille
737 5616 827 5677 tacite
848 5615 977 5692 deponit
998 5631 1175 5691 purpuram,
1192 5621 1224 5676 et
1270 5628 1340 5688 nae,
1358 5619 1388 5674 et
1403 5613 1610 5678 testimonium
1632 5617 1768 5678 diuinum
1789 5616 2015 5694 perhibuerunt
2029 5613 2069 5676 de
2083 5629 2136 5676 ue·

356 5697 467 5774 accipit
492 5706 608 5760 restam
632 5700 799 5779 plebeiam,
816 5699 882 5762 sice
897 5704 929 5760 ut
945 5698 1080 5760 oblectet
1094 5713 1141 5769 se,
1157 5699 1223 5760 stra
1269 5713 1300 5758 ra
1318 5693 1427 5758 Christi
1443 5698 1610 5774 diuinitate,
1631 5707 1691 5762 tum
1708 5699 1780 5762 alibi
1796 5715 1902 5779 saepe,
1920 5704 1983 5760 turn
1996 5697 2090 5759 etium
2102 5696 2135 5758 in

358 5788 390 5841 ut
409 5779 503 5841 tutior
517 5781 557 5839 sit
572 5783 603 5841 in
621 5784 750 5858 praelio.
766 5784 830 5844 sire
846 5780 903 5842 alia
920 5780 959 5842 de
975 5797 1096 5844 caussa:
1114 5795 1175 5842 uon
1191 5797 1224 5842 c·
1268 5779 1421 5856 baptismo
1437 5786 1467 5840 el
1483 5781 1761 5860 transfiguratione.

359 5863 420 5923 nim
446 5861 541 5932 timet,
560 5879 598 5924 ne
615 5872 740 5942 propter
763 5863 1105 5928 mutationemhahitus
1119 5865 1225 5941 pereat
1311 5862 1371 5924 Sed
1387 5862 1495 5941 objicit
1510 5862 1658 5940 Georgius
1673 5863 1833 5926 Blandrata
1846 5864 1877 5926 in
1891 5861 2006 5942 disput.
2021 5861 2052 5924 2.
2066 5862 2136 5924 tlh.

359 5946 419 6006 sibi
442 5957 585 6021 reguum.
606 5946 645 6006 ht
666 5953 811 6026 tyrannus
827 5948 877 6024 qui
895 5948 997 6024 rapuit
1010 5947 1124 6026 regiam
1140 5950 1225 6023 pote·
1271 5941 1382 6012 Primo,
1400 5945 1452 6006 illa
1467 5945 1560 6009 rerba
1574 5954 1635 6008 trae
1649 5954 1726 6012 aurat
1741 5949 1800 6027 qui
1814 5947 2033 6010 testimouium
2054 5946 2140 6008 dant

360 6037 482 6097 statem,
499 6045 562 6091 ιιιιι
578 6028 667 6091 undet
684 6029 730 6090 rel
746 6031 783 6092 ad
801 6031 955 6094 caudicum
968 6038 1089 6110 tempus
1101 6041 1224 6114 compa·
1270 6026 1308 6098 ιιι
1323 6027 1409 6090 coele
1425 6045 1442 6090 a
1458 6028 1544 6114 nullo
1558 6034 1680 6096 auctore
1696 6031 1770 6111 legi,
1788 6037 1916 6110 arrepto
1933 6027 2139 6111 Hieronymo,
