4792 7009
441 713 495 776 (16
1076 717 1118 774 tld
1139 714 1275 782 ttottttto
1297 715 1470 774 rorttrtcr.

368 861 469 936 potest
484 850 1237 928 6666666666661666666666666116666·
1278 849 1471 914 Antichristo·
1493 851 1531 914 ab
1557 851 1744 916 adversariis
1759 849 1947 930 impositum,
1963 851 2020 914 sad
2037 865 2156 915 nomen

369 955 428 1000 nus
443 951 504 999 noo
517 932 782 1014 potestterminari
800 935 828 998 in
851 941 879 1006 n
902 953 970 997 num
997 937 1036 998 sit
1049 951 1160 996 nomen
1174 951 1233 998 rna·
1280 933 1363 1014 quod
1375 933 1442 1014 ipsa
1455 933 1513 996 sibi
1526 936 1697 1014 usurpabit,
1711 935 1778 998 etin
1791 951 1852 1014 666
1863 935 2046 1016 gloriabitur
2061 936 2154 1006 adeo,

368 1021 534 1083 anulinum:
550 1017 601 1078 illa
617 1018 698 1080 enirn
712 1015 948 1080 foemininorum
961 1017 1132 1080 terminatio
1144 1024 1191 1080 est
1204 1034 1236 1078 a·
1280 1023 1313 1080 ut
1334 1016 1441 1096 jubeat
1466 1018 1591 1080 inscribi
1615 1019 1645 1080 in
1663 1018 1814 1082 trontibus
1830 1017 2001 1082 bominum.
2019 1015 2090 1080 Non
2109 1025 2156 1079 est

367 1103 430 1183 pud
440 1101 607 1183 Hebraeos.
618 1099 744 1162 llernota
761 1106 861 1162 autern
884 1100 970 1163 litem
992 1109 1020 1166 t't
1037 1100 1149 1162 desunt
1160 1099 1233 1164 166.
1279 1107 1380 1162 autem
1396 1099 1544 1162 credibile
1567 1118 1636 1164 eum
1654 1102 1713 1166 sibi
1728 1108 1955 1180 assumpturum
1971 1115 2087 1164 nomen
2102 1101 2156 1160 ali

367 1187 406 1248 ad
430 1183 802 1258 numerutntattcbrtstt.
820 1183 894 1246 ltcm
921 1198 1033 1246 nomen
1044 1181 1191 1256 λατεῖνος.
1208 1185 1234 1246 si
1279 1183 1361 1260 quod
1377 1181 1518 1248 odiosum
1534 1190 1585 1246 aut
1599 1185 1672 1256 vile,
1689 1185 1779 1262 66616
1794 1191 1841 1246 est
1855 1180 1996 1262 darepoa,
2013 1190 2047 1246 at
2061 1183 2155 1246 etiarn

367 1268 424 1332 erit
439 1264 616 1330 dnticlrristi
631 1265 827 1332 nomenerit
840 1267 994 1345 proprium
1008 1266 1048 1339 ei,
1063 1273 1095 1330 ul
1108 1268 1234 1330 dretbas
1278 1265 1380 1326 omnia
1397 1263 1459 1326 lere
1476 1266 1532 1328 alia
1549 1283 1640 1346 supra
1655 1273 1835 1330 meinorata.

365 1353 466 1424 docet,
484 1347 1233 1427 6166116166616616666666666611661666116
1320 1347 1430 1422 Quarta
1456 1352 1606 1412 sententia
1634 1356 1681 1414 est
1702 1350 1800 1429 ipsius
1823 1348 1960 1428 Ruperti,
1977 1348 2031 1426 661
2048 1348 2155 1410 existi·

365 1434 488 1514 signum
504 1431 543 1494 ab
557 1431 702 1493 omnibus
716 1431 768 1510 661
785 1438 901 1505 emunt,
915 1440 966 1494 aut
976 1434 1123 1496 rendunt:
1136 1439 1166 1495 at
1176 1442 1233 1496 tro·
1278 1436 1350 1506 mat,
1368 1429 1426 1492 boc
1438 1448 1567 1494 numero
1581 1449 1640 1492 nnn
1655 1431 1821 1510 signtuaan
1836 1447 1948 1496 noman
1961 1431 2154 1496 duticbristi.

366 1535 440 1580 tuen
456 1513 602 1588 λατεῖνος,
626 1519 674 1576 ast
687 1531 849 1577 commune
864 1533 873 1591 3
896 1531 954 1578 nec
966 1515 1047 1578 enirn
1060 1516 1233 1596 ulluspapa
1278 1514 1333 1576 sed
1361 1513 1528 1592 significari
1556 1515 1712 1594 triplicem
1729 1515 2018 1594 prarnarieationem
2036 1514 2154 1576 diaboii

368 1606 494 1663 recatus
519 1603 566 1660 est
590 1611 725 1678 unquam
752 1597 876 1660 nomine
892 1600 1016 1678 proprio
1032 1595 1156 1671 tatinus,
1174 1615 1233 1662 nec
1277 1593 1309 1657 in
1335 1594 1517 1658 Antichristo
1548 1599 1777 1676 corripiendam.
1798 1597 1867 1660 llam
1885 1597 2029 1660 senarius
2046 1613 2154 1658 nume-

364 1690 415 1747 est
433 1683 492 1744 boc
515 1696 628 1743 nomeu
643 1681 798 1756 usitatum3
815 1697 972 1760 nunquam
986 1683 1067 1744 eninr
1084 1694 1181 1760 papae
1197 1697 1232 1746 se
1277 1694 1342 1751 rus,
1358 1679 1427 1758 6616
1447 1697 1506 1742 666
1525 1681 1672 1760 pertingit
1686 1682 1723 1745 ad
1742 1679 1963 1759 septenarium,
1978 1679 2090 1758 16666
2107 1687 2156 1742 est

363 1765 477 1830 latinos
491 1767 610 1838 aucant,
627 1764 683 1826 sed
698 1765 797 1828 solum
814 1766 979 1844 episcopos
994 1770 1045 1826 aut
1061 1781 1167 1844 papas.
1277 1763 1401 1840 requies
1426 1769 1458 1824 et
1484 1761 1652 1836 beatitudo,
1679 1771 1727 1826 ast
1754 1777 1900 1828 numerus
1919 1769 2083 1826 creaturae
2101 1780 2155 1841 per

400 1848 498 1910 ¹Porro
519 1861 673 1921 romanus,
697 1862 810 1908 nomon
827 1846 883 1908 luit
898 1845 1054 1924 proprium
1070 1849 1161 1910 unius
1182 1862 1231 1910 so·
1277 1845 1568 1922 praevaricationem
1585 1845 1757 1910 excidentis
1772 1864 1789 1910 a
1802 1844 1920 1921 renale:
1934 1844 2088 1908 Diabolus
2102 1863 2156 1908 an-

364 1930 427 1994 lius
442 1927 609 2010 66666616
625 1931 677 2007 661
694 1934 792 1992 tamen
810 1945 870 1990 nnn
880 1929 984 2006 potuit
995 1946 1066 1992 esse
1079 1929 1231 1992 dntiebri·
1277 1932 1336 1988 tam
1354 1928 1505 2005 triplicem
1518 1929 1809 2005 praevaricationem
1823 1928 1962 1999 incurrit,
1976 1944 2035 1990 seu
2050 1930 2154 2005 potius

365 2019 444 2087 stus,
461 2029 531 2074 oum
547 2029 609 2074 non
623 2012 730 2074 riserit
746 2012 803 2073 nisi
820 2012 980 2078 mensibus
996 2020 1136 2092 quatuor:
1154 2013 1229 2081 ulio·
1276 2027 1367 2072 unam
1395 2010 1567 2088 triplicavit.
1595 2011 1727 2074 Primum
1755 2013 1837 2076 enirn
1862 2013 2091 2088 praevaricatus
2108 2017 2155 2074 est

367 2096 420 2176 661
436 2102 538 2158 autem
552 2109 664 2156 nomen
681 2101 729 2156 est
743 2112 917 2156 66666666.
1275 2108 1348 2154 oum
1373 2094 1404 2154 in
1419 2109 1453 2156 se
1468 2094 1617 2173 peccarit:
1641 2094 1754 2158 deinde
1781 2110 1903 2158 rursum
1927 2110 1998 2156 com
2014 2093 2153 2173 primum

375 2195 378 2205 ·
404 2177 555 2258 Denique,
573 2177 599 2240 si
615 2177 713 2240 solunt
727 2177 785 2238 boe
799 2193 908 2240 nornen
921 2175 1079 2252 λατεῖνος,
1110 2178 1158 2240 661
1184 2195 1231 2242 ro·
1277 2175 1435 2238 bominem
1464 2191 1592 2254 peccare
1619 2177 1698 2240 tecit.
1723 2185 1754 2240 et
1766 2186 1838 2242 tunc
1853 2175 1890 2238 ad
1906 2175 2085 2253 simplicem
2104 2194 2153 2238 sc·

364 2257 1232 2338 61666661116666616661666666661166166166666166·
1276 2257 1394 2320 uarium
1410 2258 1526 2320 addidit
1541 2259 1785 2340 sexagenarium:
1803 2257 1937 2334 6661666
1956 2263 2047 2346 tertio
2064 2275 2154 2338 prae·

364 2343 503 2406 acrsarii:
517 2347 547 2404 at
558 2342 790 2405 innumerabilia
804 2344 924 2404 nornina
935 2344 1139 2413 inueniuntur.
1152 2360 1232 2421 6666
1275 2341 1467 2417 rarioabitur,
1490 2359 1559 2406 cum
1578 2359 1633 2422 per
1648 2343 1868 2422 antichristum
1882 2346 1979 2404 totum
1996 2346 2153 2404 mundum

368 2427 453 2488 buno
464 2425 608 2488 eumdem
622 2441 784 2488 numerum
801 2425 944 2486 reddunt.
961 2425 1142 2506 ilippnlgtus
1153 2441 1231 2490 mar·
1276 2424 1414 2502 seducet,
1443 2431 1473 2487 et
1494 2424 2152 2505 16666661666616666666166166616-

365 2514 424 2590 tpr,
446 2508 478 2570 in
502 2507 862 2571 0661666666661661.
886 2509 1003 2580 mundi,
1024 2511 1134 2571 notarit
1148 2511 1230 2572 alind
1276 2507 1403 2570 simum.

370 2607 503 2666 nomen,
529 2591 611 2666 6666
635 2590 735 2654 reddit
761 2592 846 2652 illurn
875 2607 1046 2667 numerum,
1074 2593 1229 2668 nimirum,
1321 2590 1428 2663 Quinta
1445 2590 1596 2654 sententia
1612 2591 1710 2654 Bedae
1725 2595 1783 2664 ast,
1800 2589 1853 2669 qui
1868 2587 2020 2654 contraria
2036 2589 2085 2652 ria
2103 2589 2149 2652 in·

367 2671 459 2755 ripaei
506 2691 517 2734 ι
536 2672 617 2734 idest
632 2719 640 2748 ,
665 2688 760 2751 nepo.
782 2674 912 2736 dretbas
930 2673 1083 2735 annotarit
1098 2681 1229 2754 septem:
1276 2673 1356 2734 66611
1370 2690 1405 2734 66
1417 2672 1518 2746 66661,
1533 2689 1693 2743 numeram
1705 2674 1860 2738 senarium
1875 2689 1945 2738 essu
1957 2672 2151 2751 perlectum,

367 2755 432 2835 lap
467 2773 532 2834 της,
546 2754 1229 2837 1666161166616.666166111661661.ὁνικητὴς,
1276 2755 1346 2835 6616
1362 2767 1416 2816 sax
1432 2754 1543 2818 dicbus
1558 2756 1724 2820 1661111666
1739 2759 1859 2820 coelum
1875 2762 1903 2822 et
1918 2761 2044 2822 terram:
2062 2771 2153 2818 sexa·

367 2839 467 2906 idest.
493 2839 605 2900 vietor.
629 2836 726 2910 κακὸς
741 2837 757 2898 d
771 2836 877 2918 δηγὸς,
900 2838 991 2902 idest.
1008 2857 1131 2918 procera
1146 2844 1229 2904 datm.
1275 2837 1429 2980 gesimam
1441 2853 1511 2901 nero
1521 2839 1746 2918 perfectiorem.
1760 2845 1789 2902 61
1801 2839 2066 2902 sexcentesimum
2081 2853 2152 2914 per-

368 2918 486 3000 ἆληθὴς
499 2918 647 3002 βλαβερὸς
659 2921 749 2996 idest,
766 2937 839 2982 cere
856 2936 987 2983 666666.
1000 2921 1093 2984 aetat
1118 2922 1230 3005 βάσκα·
1289 2921 1489 2998 actissimum;
1506 2937 1542 2984 ax
1558 2939 1619 2998 666
1630 2923 1755 3002 colligit,
1769 2921 1987 2982 tnttcnrtstun
2002 2921 2151 3001 designa-

367 3000 1231 3087 νος,1666161161166161666666166166661661,66666
1276 3001 1300 3064 ri
1317 3019 1372 3082 per
1386 3001 1545 3066 numerum
1562 3005 1632 3070 666.
1650 3006 1719 3085 quia
1737 3003 1897 3081 usurpabit
1912 3003 1970 3064 sibi
1985 3003 2154 3081 parler-trs·

368 3101 501 3152 nocane.
517 3085 682 3148 Primasius
705 3083 1230 3166 6661161166616666616661666·
1276 3086 1387 3148 simum
1415 3088 1570 3162 tributum,
1593 3090 1673 3168 6666
1691 3087 1748 3150 soli
1764 3087 1894 3148 debetur
1908 3086 1983 3148 1166.
2001 3085 2035 3148 16
2055 3095 2150 3164 cnjus

369 3169 503 3234 troo-ias.
529 3168 694 3248 liupertus.
722 3170 1231 3253 6166166666116666666666116·
1275 3168 1319 3230 rei
1345 3167 1485 3248 liguram,
1502 3170 1634 3248 legimus
1649 3170 1703 3232 lib.
1720 3170 1751 3234 3.
1769 3169 1840 3248 lleg.
1858 3185 1926 3247 oap.
1942 3165 1991 3230 16.
2016 3168 2149 3232 Pondus

368 3257 477 3316 rerunt
501 3251 562 3314 duo
574 3252 643 3322 alia,
661 3250 802 3313 nirnirunr
817 3250 1001 3332 6666666116,
1018 3256 1099 3333 6666
1115 3251 1162 3316 e'st
1177 3273 1231 3318 nn·
1276 3251 1352 3326 auri,
1380 3254 1460 3328 6666
1477 3252 1670 3316 adserebatur
1689 3251 1844 3315 Salomoni
1865 3253 2081 3330 persingulas
2097 3269 2152 3312 an·

368 3327 968 3410 6666661666,61666111166666,
983 3338 1064 3416 6666
1079 3338 1229 3416 16611666,
1275 3349 1345 3400 nos.
1374 3333 1469 3396 luisse
1490 3337 1671 3400 talentorum
1687 3342 1899 3398 sexcentorum
1916 3334 2075 3413 sexaginta
2096 3353 2152 3398 ser

373 3417 398 3480 si
425 3419 519 3484 latino
545 3431 629 3480 more
655 3417 841 3496 accipiamus
866 3417 903 3478 D.
920 3436 973 3496 pro
991 3422 1178 3500 quingentis.
1197 3422 1230 3484 C.
1272 3416 1418 3478 millium..
1445 3417 1508 3480 Hae
1533 3421 1611 3481 duae
1638 3419 1819 3493 sententiae,
1838 3433 1898 3478 non
1915 3417 2057 3478 ridentur
2073 3418 2150 3478 satis

370 3517 426 3580 pro
450 3506 584 3573 rentum,
600 3499 635 3562 L.
653 3515 708 3578 pro
724 3501 955 3580 quinquaginta,
973 3501 1010 3564 x.
1028 3518 1082 3580 prn
1097 3505 1230 3580 dee-em,
1276 3500 1425 3576 quadrare
1441 3517 1510 3564 curn
1525 3518 1575 3572 en,
1591 3504 1672 3580 quod
1686 3500 1821 3564 loannes
1833 3499 1918 3570 dicit,
1933 3515 2100 3562 numerum
2115 3504 2150 3562 il·

369 3581 405 3646 1.
422 3600 477 3662 pro
493 3581 640 3662 6616666,
657 3581 681 3643 Ι.
694 3599 748 3661 666
764 3597 845 3645 uno.
960 3589 964 3593 ’
1276 3581 1340 3644 lum
1365 3598 1435 3644 csse
1461 3599 1623 3646 numerum
1648 3585 1791 3658 nominis,
1817 3598 1878 3644 non
1905 3581 2079 3662 dignitatis.
2098 3592 2150 3648 aut

411 3666 453 3726 lla
464 3664 686 3730 recentioribus
698 3664 868 3728 Guilelmus
880 3665 1046 3740 Lindanus,
1059 3667 1114 3730 lib.
1128 3669 1158 3730 3.
1173 3671 1232 3732 116-
1276 3665 1555 3741 praevaricationis.
1573 3667 1629 3730 sed
1644 3681 1703 3730 nac
1718 3666 1765 3730 isli
1783 3666 1884 3728 Patres
1897 3665 2060 3726 voluerunt
2072 3683 2145 3727 sen-

370 3747 500 3811 bitanlii.
518 3753 612 3822 notat,
626 3747 784 3810 llartinurn
797 3747 962 3810 Lntbarum
979 3747 1109 3812 reddere
1125 3768 1233 3815 numa·
1281 3747 1389 3810 tentius
1415 3749 1482 3809 illas
1498 3767 1571 3812 suns
1585 3751 1644 3814 alio
1660 3751 1729 3814 loco
1743 3747 1861 3824 baberi,
1884 3764 1973 3828 quam
1989 3749 2150 3828 suspicio·

369 3846 438 3894 rum
451 3829 552 3892 dotat
569 3831 675 3893 literae
690 3829 800 3893 latinae
816 3830 1004 3908 accipiantur
1015 3847 1071 3912 pro
1083 3837 1231 3912 numeris,
1277 3845 1351 3892 num
1365 3835 1395 3892 et
1409 3831 1667 3911 conjecturarum.
1981 3871 1985 3890 .

368 3929 456 3978 more
470 3928 648 3992 graecarum
662 3917 691 3976 et
707 3913 949 3988 baabrairarum,
966 3915 1024 3976 boc
1038 3917 1142 3979 modo:
1155 3920 1188 3980 tt.
1205 3920 1234 3981 1.
1319 3909 1482 3976 verissima
1510 3915 1602 3995 igitur
1616 3915 1766 3978 sententia
1793 3918 1839 3976 est
1855 3928 1973 3986 eorum,
1989 3913 2042 3992 661
2057 3914 2148 3990 igno-

370 3995 404 4058 tt.
423 3996 454 4059 2.
471 3993 505 4057 6.
521 3994 551 4057 3.
567 3995 604 4058 tt.
620 3995 652 4058 1.
669 3994 704 4056 d.
718 3994 747 4056 5.
761 3995 795 4057 F.
809 3995 839 4057 6.
855 3995 888 4056 6.
903 3996 931 4057 1.
947 3995 1067 4059 1161.
1083 3997 1113 4060 9.
1128 3999 1166 4060 lt.
1183 3999 1233 4064 16.
1278 3997 2148 4076 666116166661666611166166,66616661.6611661666661

369 4077 403 4142 l..
419 4075 470 4140 26.
486 4077 524 4138 11.
538 4076 588 4140 36.
605 4077 640 4140 Ν.
657 4077 707 4140 16.
724 4076 761 4140 0.
778 4078 831 4140 66.
848 4077 879 4139 P.
896 4078 948 4140 66.
964 4079 999 4156 6.
1019 4079 1069 4143 16.
1083 4081 1116 4143 tt.
1129 4080 1181 4144 66.
1197 4083 1231 4145 S.
1279 4093 1391 4145 nomen
1402 4079 1590 4144 antichristi:
1603 4098 1681 4160 6666
1694 4081 1899 4152 sententiaest
1912 4078 2028 4142 irenaei
2043 4080 2099 4144 lib.
2115 4081 2145 4142 5.

369 4159 421 4225 66.
437 4159 471 4223 Τ.
489 4158 560 4222 166.
576 4160 612 4222 V.
628 4158 700 4222 260.
717 4159 753 4222 Χ.
764 4158 835 4222 366.
850 4161 885 4222 Y.
900 4159 970 4222 166.
985 4162 1015 4224 z.
1029 4162 1101 4224 666,
1116 4163 1233 4228 Gitbep-
1278 4160 1405 4222 ,16611166
1421 4163 1452 4224 16
1469 4166 1550 4226 buna
1562 4167 1663 4226 locum
1675 4165 1767 4243 Aper..
1782 4169 1810 4224 el
1823 4162 1962 4224 aliorum.
1977 4161 2081 4225 Placet
2093 4180 2147 4224 au·

370 4250 420 4306 lus
444 4241 662 4306 denebrardus
683 4241 737 4304 lib.
767 4243 822 4304 ult.
849 4243 994 4309 dirronol.¹
1016 4249 1128 4309 notarit
1142 4249 1233 4309 etiam
1279 4243 2149 4326 16616666611166666616616666616666161666166616666·

371 4342 483 4388 nnmen
510 4323 635 4389 Lutbari
661 4324 806 4390 hebraice
832 4343 993 4389 nnmerum
1007 4329 1093 4392 titum
1109 4328 1232 4394 6111666
1277 4326 1350 4386 dunt
1376 4323 1541 4407 Chytraeus
1557 4331 1687 4393 lectores
1703 4345 1777 4393 suos
1791 4331 1925 4389 bnt-tatus
1941 4333 1999 4390 est:
2015 4328 2146 4398 ltortcr,

376 4406 496 4482 'tnbtb
1065 4455 1071 4466 .
1278 4408 1387 4484 innuit,
1411 4412 1583 4484 studiosos,
1609 4417 1644 4474 ul
1659 4414 1698 4476 de
1713 4413 1772 4476 bne
1787 4409 1997 4489 apocalypsis
2010 4409 2079 4472 1666
2090 4427 2147 4488 po-

1275 4495 1409 4553 stremos
1434 4493 1563 4558 irenaei
1576 4496 1716 4573 pupiano
1732 4493 1802 4558 633.
1820 4491 1931 4554 61361.
1960 4493 2142 4572 perlegunt.

556 4617 565 4634 .
644 4590 674 4634 o.
717 4571 791 4636 266.
936 4575 1020 4636 addo
1038 4591 1097 4656 ego
1118 4577 1148 4638 16
1165 4593 1231 4657 gra·
1276 4575 1765 4656 ‹puiverccandeetpicdeltoc
1787 4591 1927 4638 numero
1945 4575 2146 4640 6661166616-

559 4699 568 4718 .
644 4671 678 4718 o.
723 4656 752 4716 t.
897 4655 1099 4720 tiamLutlaeri
1114 4659 1232 4740 616166-
1275 4662 1377 4735 putot.
1395 4660 1892 4724 atintareoetaro.latinunaseu
1907 4661 2144 4736 mmonrtrnsn

645 4734 673 4811 ξ.
722 4735 773 4799 dt).
893 4739 965 4800 traci
985 4741 1047 4802 dnn
1059 4742 1128 4804 alia.
1143 4743 1231 4804 nimi·
1275 4737 1833 4818 reAntichristuatindieut,nentina
1855 4737 1993 4812 λατεῐνος
2014 4743 2145 4805 etelre-

723 4820 775 4883 16.
888 4825 1078 4895 annal-ran
1091 4825 1232 4894 66616-
1276 4837 1373 4886 naeus
1399 4821 2145 4903 161666661666116666616666661666

722 4903 775 4966 ad.
892 4903 1229 4985 estiteridcbytraens,
1275 4912 1332 4979 eat,
1358 4908 1520 4972 6661161666
1543 4909 1810 4989 odbnpleta'onern
1829 4907 2147 4988 propraeceptam

722 4985 754 5048 5.
892 4983 1230 5060 etonfidaeeere‘umdem
1274 4989 1438 5067 arrspicata'
1459 4988 2144 5070 616161666661661616666611661.6666616

574 4947 582 4966 .
645 4922 673 4966 a.

474 5196 482 5214 .
527 5147 600 5212 266.
666 5197 675 5215 .
726 5151 775 5214 ttt.
894 5153 1231 5230 ooodnomenitacon·
1275 5155 2144 5234 6166666666.11161611661666661666161611666

527 5231 576 5295 16.
659 5279 667 5298 .
723 5233 831 5298 266
893 5236 975 5297 66611
1006 5234 1230 5314 1611166661·
1275 5239 1389 5302 eodem
1414 5239 1725 5320 666661168166161
1742 5241 2141 5317 66166166166661666·

470 5361 479 5378 .
529 5315 560 5377 6.
893 5323 1051 5398 66166666
1064 5323 1228 5384 nonanta·
1274 5321 2039 5396 6166166·666116611666611616161666611666,
2054 5325 2140 5403 quod

524 5397 596 5464 666.
713 5398 785 5464 odo.
890 5400 957 5462 tini.
1276 5419 1320 5466 erc
1332 5404 1412 5482 ipsis
1427 5405 1578 5483 portabit,
1595 5409 1654 5486 pai
1666 5409 1773 5472 666161
1785 5403 1967 5486 66666666.
1984 5408 2141 5485 pisoniana

392 5517 398 5528 ι
749 5527 752 5532 -
1275 5491 1385 5548 eutem
1394 5488 1945 5570 nonpaoptertnnptnannomtnnrn
1953 5487 2143 5552 boletatione

410 5563 507 5630 Tertia
533 5564 638 5644 opinio
663 5570 710 5628 est
733 5565 895 5629 multorum
922 5564 1153 5640 catholicorum,
1173 5569 1226 5646 661
1273 5585 1446 5634 numeram
1455 5570 2139 5652 66161616666611666666666,6666666166

366 5649 574 5727 suspicantur,
590 5647 811 5712 dntiebristum
825 5649 998 5711 vocandum.
1008 5645 1146 5728 11666666,
1164 5657 1227 5714 turn
1274 5653 1422 5716 timorato
1436 5667 1514 5733 erpo
1530 5655 1639 5730 datam,
1656 5663 1685 5719 61
1698 5657 1805 5720 uetant
1818 5653 1974 5718 ueritatis.
1992 5651 2135 5728 11666566

370 5732 440 5810 quia
462 5730 522 5792 boc
544 5746 655 5794 nomen
673 5731 793 5811 proprie
809 5730 854 5794 1111
868 5733 1040 5803 conreniat,
1057 5739 1120 5794 lum
1133 5734 1227 5796 etiam
1274 5737 1361 5797 eninr
1376 5736 1809 5811 666166,116161661661661,
1824 5739 1865 5802 de
1876 5749 1941 5814 666
1954 5737 2137 5815 armentur.

368 5813 439 5890 6616
454 5811 558 5880 reddat
573 5820 677 5876 exarte
692 5814 777 5876 illurn
794 5829 966 5878 numerum.
990 5813 1033 5876 lta
1048 5815 1226 5892 Primanus,
1275 5815 1339 5880 Sed
1351 5818 1436 5882 66111
1451 5819 1491 5882 dc
1506 5835 1544 5884 eo
1558 5819 1770 5901 affirmamus.
1789 5821 1852 5884 Sed
1867 5827 1897 5882 et
1919 5815 2053 5892 16661666
2073 5834 2133 5882 116-

367 5895 531 5958 dnselmus
545 5899 577 5956 61
591 5894 767 5959 lliotrardus.
904 5911 918 5960 ·.
1272 5915 1348 5962 mett
1370 5909 1598 5966 cruentatorum
1619 5906 1796 5982 6666661616
1809 5920 1869 5968 acar
1883 5915 2080 5976 6616661161.
2108 5910 2137 5965 et

409 5975 564 6042 Relutalur
579 5985 661 6040 recte
677 5995 693 6040 a
709 5978 841 6056 llupertn
856 5979 933 6044 baec
947 5978 1063 6058 opinio,
1080 5981 1225 6060 66661661
1271 5983 1366 6046 ualde
1376 5985 1548 6050 6666161116
1560 5985 2137 6066 eat,pnnntamacrtnrnaumrapnum

369 6075 480 6124 nornen
495 6061 575 6140 6666
593 6060 643 6122 166
656 6059 791 6124 1666666
806 6063 948 6138 insinuat,
967 6077 1027 6127 noo
1043 6065 1100 6126 erit
1112 6079 1224 6128 nomen
1272 6065 1330 6130 boc
1344 6063 1440 6132 babet
1450 6067 1651 6149 uocabulum,
1670 6069 1766 6136 latim
1777 6071 1963 6147 6616166161,
1976 6067 2035 6149 661·
2046 6082 2136 6132 6666

643 4837 661 4881 ⁰
725 4902 740 4921 υ

643 5002 659 5046 ε

590 5113 597 5128 .
642 5086 652 5129 ι
724 5068 766 5132 16
889 5083 1051 5132 numerum
1078 5070 1229 5150 reddere,
1274 5071 1378 5134 616116
1392 5075 1530 5136 pontino
1542 5075 1686 5138 inueniri
1700 5079 1835 5154 praetant
1847 5070 2002 5134 hebetatio
2013 5078 2144 5151 proedi-

644 5169 662 5212 ο

640 5252 656 5306 C
