4792 7009
1050 709 1174 774 ¹arran
1193 707 1317 773 rannus
1945 714 1999 776 ns
2123 799 2125 804 Ι

198 872 201 903 r
300 847 834 931 scripseroclmplocrrnom.qoam
850 845 1013 910 multitudo
1034 845 1157 926 conspl·
1212 845 1386 911 cornnrunia
1411 843 1900 930 sintquasinlienarespiciunh
1926 867 1978 916 rex
2000 867 2072 917 nero

299 951 369 1002 rans
384 935 418 994 in
429 949 535 1007 unum3
553 931 626 996 rlidd
644 934 727 994 enim
740 937 789 994 est
803 947 897 995 onom
923 946 979 1010 per
992 944 1040 1004 se,
1056 935 1087 992 et
1101 945 1156 992 na·
1206 933 1350 1006 tanquam
1365 944 1418 992 sua
1434 935 1465 990 ct
1478 929 1614 1010 propria:
1633 937 1749 994 certum
1766 941 1867 997 autern
1883 941 1929 998 est
1944 951 2014 998 cunr
2028 935 2069 997 ta·

198 1040 199 1051 ι
298 1018 442 1088 ruraliter,
460 1023 491 1080 al
502 1016 578 1078 nihil
590 1015 670 1078 aliud
683 1019 731 1078 est
743 1029 834 1093 quarn
847 1031 955 1089 unum;
968 1013 1045 1077 haec
1057 1017 1159 1076 antcm
1204 1011 1308 1084 cilius,
1326 1021 1387 1076 tom
1404 1011 1494 1076 ctiam
1510 1013 1688 1094 diligentius
1704 1019 1837 1095 propria,
1864 1035 1954 1097 quarn
1969 1020 2069 1082 atiena

198 1132 199 1153 ι
296 1101 396 1166 εοιειιι
411 1114 449 1160 ax
463 1103 528 1160 arte
541 1105 589 1160 cst
604 1112 710 1170 unum,
726 1111 832 1176 perse
847 1113 917 1160 rcro
932 1103 963 1159 el
985 1096 1160 1160 naturaliter
1207 1093 1320 1156 curari.
1337 1092 1470 1168 edimus,
1488 1095 1540 1160 uhi
1557 1095 1641 1158 mulli
1658 1104 1729 1160 sunl
1744 1099 1797 1180 qrri
1812 1107 1931 1178 regunt,
1945 1100 2068 1164 richeri

198 1216 199 1225 ι
296 1183 401 1258 rnulto3
418 1182 512 1260 igitur
525 1179 711 1251 monarchia,
728 1193 807 1260 quae
822 1180 937 1256 pendet
961 1178 999 1242 ab
1015 1193 1086 1251 orco,
1104 1177 1160 1243 mi·
1205 1183 1317 1253 potest.
1335 1183 1367 1239 ut
1383 1177 1454 1240 inde
1470 1177 1548 1240 absit
1564 1181 1737 1256 aernututie,
1751 1181 1888 1250 ambitio,
1901 1185 2068 1246 contentio:

296 1283 354 1330 aus
368 1264 458 1328 troile
472 1261 584 1337 scirtii,
593 1261 746 1326 destrulre
763 1268 876 1339 potest,
892 1277 984 1340 qnam
998 1260 1160 1322 aristocra·
1204 1274 1243 1320 ox
1266 1267 1328 1338 gem
1350 1275 1411 1324 non
1426 1275 1492 1324 raro
1505 1263 1646 1324 accidere
1661 1264 1751 1338 solet,
1769 1272 1801 1324 ul
1816 1263 1866 1326 alii
1882 1267 1959 1326 aiios
1974 1269 2069 1346 impe·

295 1347 393 1412 tiaret
415 1347 603 1419 dimouenda,
613 1362 691 1425 quae
704 1343 1075 1423 pendentamultiludine
1085 1357 1161 1404 con·
1203 1340 1297 1412 dlant,
1324 1347 1416 1426 utque
1441 1341 1472 1408 ld
1494 1342 1637 1418 chelam,
1665 1352 1697 1408 ut
1718 1347 1768 1425 qut
1783 1348 1812 1408 in
1831 1349 2002 1424 praeseutia
2018 1367 2068 1414 ros

197 1480 198 1487 ,
292 1432 428 1512 spirante
441 1427 476 1490 iu
490 1443 596 1490 unum.
1207 1429 1327 1502 gerunt,
1344 1425 1429 1487 male
1446 1425 1666 1506 rempublicam
1683 1429 1913 1500 administrem,
1929 1445 1990 1508 quo
2005 1447 2068 1492 mar·

333 1513 413 1575 ilinc
432 1510 576 1572 nimirum
597 1506 776 1572 monarchia
789 1505 984 1587 Assyriorum
999 1521 1015 1568 a
1030 1505 1161 1570 Niaoad
1198 1503 1362 1583 jurense,
1379 1523 1449 1570 cum
1464 1509 1642 1586 magistratu
1658 1512 1714 1589 ipsi
1725 1507 1899 1590 tangentur,
1911 1512 2008 1592 gloria
2021 1531 2067 1578 re·

294 1589 1055 1672 Sardanapatnmsinainterrophonoduraritannls
1066 1586 1155 1652 teto.
1203 1588 1333 1650 dundel:
1349 1597 1379 1650 at
1394 1605 1464 1652 vero
1478 1595 1655 1666 omnemne,
1674 1594 1725 1674 qui
1745 1611 1806 1656 aon
1823 1594 1915 1657 babet
1929 1594 1978 1658 rui
1992 1599 2068 1658 inri-

296 1685 328 1742 ιιι
343 1675 498 1740 Eusebius
512 1676 603 1740 docet
618 1675 648 1736 ln
664 1671 828 1749 thronicm
845 1673 894 1735 nal
909 1669 1000 1735 aneo.
1024 1677 1058 1735 ut
1072 1673 1157 1734 colti-
1204 1668 1285 1746 dcat,
1314 1676 1364 1732 aul
1380 1689 1448 1734 rum
1464 1689 1526 1750 noo
1540 1673 1580 1736 de
1595 1675 1817 1754 gubernatione
1833 1677 2009 1754 contendat,
2026 1680 2069 1740 ta·

292 1762 336 1838 pit
348 1759 488 1822 tustinus
503 1757 559 1820 lh.
573 1761 604 1820 ι.
617 1757 664 1819 rel
676 1771 767 1834 snpra
783 1753 1158 1820 reconsecratores
1202 1751 1292 1814 cilius
1307 1754 1406 1814 omnia
1424 1756 1608 1823 moderator.

196 1890 197 1899 ,
293 1844 350 1908 ιιι).
377 1842 410 1905 2.
433 1857 502 1918 cap.
520 1839 550 1902 i.
577 1839 628 1904 Sic
642 1846 744 1900 nutem
759 1838 878 1900 durarit
892 1838 954 1900 troc
966 1852 1109 1916 ragnum,
1126 1845 1160 1901 ut
1242 1835 1410 1910 Postremo,
1424 1838 1680 1913 quemadmodum
1697 1840 1730 1902 in
1744 1841 1853 1920 amplis
1866 1841 2067 1918 ianthinum

196 1974 197 1981 ι
297 1941 424 2004 semper
446 1937 611 1988 successor
634 1920 672 1984 ιε’
688 1936 785 2000 regno
804 1918 895 1982 tuerit
908 1919 1058 1984 demortui
1074 1918 1161 1998 regis
1204 1919 1307 1980 mullis
1332 1921 1429 1982 serris
1449 1917 1534 2000 idmr
1549 1919 1751 1986 ministerium
1767 1925 1951 2002 assignatur,
1969 1925 2066 2006 negll·

196 2026 197 2063 1
293 2008 387 2082 illios,
404 2008 431 2070 sl
444 2021 548 2070 rarum
560 2011 607 2066 cst
618 2004 700 2084 quod
712 2001 967 2066 scribitlettcins
978 2001 1158 2068 coronatos
1201 2006 1310 2080 genter
1323 2005 1445 2079 negotia
1463 2009 1673 2083 procuramur,
1690 2006 1773 2083 quod
1789 2023 1869 2068 unus
1881 2006 1931 2068 alii
1944 2007 2066 2086 proria-

196 2138 197 2147 ,
296 2095 328 2154 in
343 2091 446 2170 priore
461 2088 617 2152 rolunrinc
632 2084 838 2148 historiarum.
1202 2081 2067 2164 cianaoomnrunemreliaquat:sicelinmubimullisunt

336 2174 626 2253 scpthaanmantcm
638 2184 780 2249 rognum
794 2165 877 2246 quod
892 2171 940 2232 est
963 2165 1104 2230 habiturn
1124 2181 1160 2230 o·
1203 2164 1359 2244 principes
1386 2165 1587 2245 reipublicae,
1604 2171 1788 2232 causalium
1801 2173 1936 2251 respicit,
1951 2174 2065 2238 etdum

295 2247 1158 2320 mniumuetustissimumnecabntloexternohostede·
1203 2248 1418 2326 unusquisque
1445 2250 1476 2310 in
1502 2249 1638 2330 collegas
1664 2267 1744 2314 onus
1759 2253 1871 2334 rejicit,
1887 2258 2066 2320 nemosatis

194 2372 197 2395 2
295 2339 369 2406 strui
385 2338 494 2418 poluit,
515 2335 699 2398 attostinns
713 2333 767 2396 lrb.
784 2333 817 2398 2.
831 2332 949 2404 scribit,
966 2347 1025 2396 nee
1040 2335 1088 2398 εει
1101 2347 1160 2410 pcr
1204 2329 1384 2408 diligentem
1400 2345 1503 2396 curam
1520 2332 1646 2396 adhibui
1660 2333 1782 2396 ciuitati.
1808 2335 1870 2398 lien
1884 2344 1997 2403 autem.
2013 2342 2067 2420 qui

195 2440 196 2466 i
294 2435 331 2485 sc
346 2422 409 2484 ullo
427 2435 564 2500 unquam
580 2425 717 2496 tempore
731 2417 926 2482 dissolutum:
943 2415 1089 2495 quocirca
1101 2413 1159 2479 ali·
1198 2410 1260 2476 scil
1274 2427 1290 2474 a
1306 2428 1340 2474 se
1357 2429 1417 2476 unu
1433 2413 1568 2493 pendere
1584 2416 1697 2490 omnia,
1712 2419 1831 2498 cogitur
1843 2421 1917 2480 nitrtt
1932 2421 2068 2502 neglige·

292 2510 367 2584 quot
392 2517 542 2568 annorum
563 2500 708 2564 ,millibus
727 2514 857 2580 regnum
872 2496 948 2562 iilud
964 2498 1088 2563 stetisse
1104 2512 1157 2564 nc·
1199 2509 1245 2558 rc.
1260 2495 1357 2573 arque
1373 2495 1523 2561 hactenns
1540 2498 1665 2576 quidum
1676 2499 1917 2564 demorrstrntom
1933 2509 1990 2574 εει,
2003 2519 2069 2567 mo·

290 2600 381 2649 cesse
403 2591 464 2648 est:
480 2585 563 2648 nulla
578 2590 679 2649 autern
701 2581 880 2662 respuhltca
891 2586 938 2645 εει
950 2595 1028 2660 quae
1039 2579 1158 2646 detur·
1206 2577 1361 2643 narehiam
1389 2579 1560 2658 simplicem
1583 2579 1718 2660 simplici
1741 2583 1948 2648 aristocmtiae
1974 2586 2067 2668 longe

288 2685 327 2731 ne
345 2679 376 2732 et
392 2667 514 2731 stabilis
528 2665 632 2730 luerit.
1205 2667 1372 2739 praestare.
1389 2657 1476 2726 Nunc
1489 2665 1527 2726 ad
1542 2667 1712 2728 susurrorem
1725 2669 1968 2746 propositionem
1985 2686 2067 2733 conr·

194 2776 197 2816 i
330 2751 420 2814 certo
447 2749 622 2828 respublica
648 2744 860 2828 potentissima
883 2745 1086 2810 homanorum
1106 2744 1156 2812 rix
1204 2742 1393 2825 probandam
1410 2747 1607 2810 accedamus.

194 2856 198 2900 r
288 2849 390 2896 annos
405 2831 478 2894 reu.
496 2847 656 2894 numerare
672 2831 781 2910 potnit:
799 2836 841 2891 tol
855 2829 939 2891 enlm
953 2837 1025 2892 sont
1037 2829 1075 2892 ab
1086 2845 1157 2892 exa·

194 2924 196 2928 “
285 2915 345 2978 otis
372 2915 499 2994 regibus
524 2931 623 2994 usquo
643 2914 683 2977 ad
709 2911 871 2987 imperium
885 2910 959 2977 lulli
972 2910 1105 2976 dasena.
1119 2912 1157 2976 ιι
1530 2907 1650 2974 CAPUT
1665 2909 1722 2976 ΙΙΙ.

193 3048 197 3064 .
283 2998 345 3060 aab
365 2996 541 3062 monarchis
554 2991 1157 3072 lrrorieriteulutiousoueaddonstun·

286 3079 387 3142 tinam
414 3080 554 3142 calumum
580 3080 650 3144 stne
676 3078 900 3155 interruptione
925 3076 1044 3140 durarit
1065 3077 1157 3141 annis
1207 3068 1732 3148 Quoditonorclriudriatocrntice
1746 3076 2067 3148 athtnocrartocoo·

194 3190 197 3229 r
287 3161 381 3224 ιιιι.
398 3161 430 3223 in
445 3163 609 3230 credente
627 3157 1155 3240 anlemabeodemloliouaquaad
1238 3157 1355 3229 anceio,
1376 3157 1490 3230 milies
1505 3157 1598 3222 ahin
1621 3157 1683 3224 lma
1706 3159 1785 3234 aito,
1802 3176 1903 3244 guum
1925 3165 2067 3245 airnplerc

286 3244 496 3326 Augustulum
521 3260 614 3323 cupra
640 3241 714 3309 alit).
736 3249 767 3306 et
780 3260 797 3306 a
812 3241 919 3306 duroto
932 3241 1041 3321 ilagno
1054 3257 1157 3322 usque
1242 3237 1452 3304 Monerohtoc

193 3368 196 3383 .
289 3327 328 3390 ad
355 3333 551 3406 praesentem
577 3325 982 3406 hnporatorcmannostere
996 3321 1070 3388 soe.
1091 3325 1154 3396 Sed

192 3444 196 3477 r
285 3424 347 3472 nec
367 3407 430 3473 illis
444 3408 517 3472 tao.
543 3410 634 3474 annis
648 3408 762 3485 ouibus
776 3407 880 3470 tloruil
904 3407 934 3472 in
950 3421 1077 3474 romano
1099 3407 1155 3472 im·
1243 3399 1344 3468 tltara
1359 3403 1451 3485 igitur
1466 3403 1635 3486 propositio
1650 3404 1719 3470 tutis
1734 3412 1809 3472 erat:
1826 3407 1972 3489 Regimen
1989 3415 2064 3476 tem·

192 3532 195 3559 ι
290 3492 384 3570 perio
398 3491 586 3565 dinocratis,
608 3507 733 3570 semper
746 3492 855 3555 eodem
872 3489 962 3554 modo
977 3490 1154 3568 respublica
1202 3491 1343 3564 peratum
1359 3503 1395 3552 cn
1411 3489 1557 3552 omnihus
1570 3489 1668 3552 tribus
1681 3490 1787 3554 tormis
1798 3501 1924 3570 propter
1939 3501 2064 3576 naturae

289 3575 468 3654 regebatur:
492 3573 580 3638 initio
594 3576 677 3640 enim
692 3575 787 3637 arnnui
801 3574 948 3636 consules
961 3575 1053 3636 creati
1068 3580 1152 3653 attht3
1198 3567 1350 3632 humanae
1362 3571 1587 3650 eorruplionaltt
1604 3571 1709 3634 utilius
1724 3579 1792 3646 ast,
1816 3591 1906 3655 quant
1932 3575 2064 3657 simplet

192 3700 195 3711 .
287 3655 388 3736 paulo
413 3663 484 3736 post
506 3657 601 3722 additi
622 3653 749 3731 tribunig
776 3662 837 3717 tum
859 3655 1152 3720 consulibusattrl-
1203 3651 1497 3732 monarchiazquae
1513 3667 1587 3720 salta
1602 3655 1782 3736 gubernatio
1809 3657 1836 3718 lo
1861 3661 2063 3738 requirlt‚ut

193 3770 194 3813 ι
282 3737 382 3802 hunis
394 3741 537 3810 sublatis,
550 3740 644 3802 creati
655 3739 833 3814 decemuirl3
846 3736 1002 3801 iltisetiam
1015 3745 1086 3818 post
1098 3756 1151 3806 arr·
1203 3732 1243 3795 sit
1255 3734 1380 3812 quidem
1400 3736 1431 3796 in
1447 3735 1603 3815 republica
1627 3753 1765 3800 summus
1781 3740 1891 3817 aliquis
1903 3744 2061 3823 princeps,

283 3838 363 3884 num
389 3822 512 3901 eiectis,
529 3824 636 3886 itemnr
659 3822 805 3886 consolis
826 3828 857 3886 et
877 3820 991 3885 tribuni
1006 3824 1148 3895 rcrocatic
1194 3815 1248 3894 qul
1263 3821 1295 3878 et
1310 3817 1457 3882 omnibus
1469 3819 1644 3898 torperetet
1659 3821 1736 3882 nulli
1750 3821 2063 3900 subjiciaturzi‘raesl·

193 3954 194 3957 ,
284 3919 352 3966 non
368 3904 541 3968 raroctiam
563 3905 737 3980 dictatores,
751 3902 1150 3982 etaliquotiestribunimi·
1198 3897 1256 3960 des
1274 3905 1373 3968 lumen
1389 3899 1613 3980 provintiarum
1638 3903 1883 3981 vulcanalium,
1913 3923 1972 3970 non
1999 3910 2062 3973 sint

287 3986 398 4048 litores
423 4003 491 4049 rom
514 3987 668 4050 consulari
690 3990 841 4063 potestate
856 3985 1151 4066 latrocinantiaque
1197 3981 1281 4061 regis
1303 3983 1417 4059 vicarit,
1445 3985 1509 4045 sive
1525 3983 1759 4064 annuijudices,
1787 3989 1841 4048 sed
1858 3989 1919 4050 rori
1945 3991 2058 4070 princi·

283 4069 370 4131 nullu
400 4087 460 4131 tras
480 4069 575 4138 lorum
590 4071 642 4132 din
658 4069 787 4144 durarit,
813 4083 872 4132 nec
885 4081 995 4134 onnes
1010 4069 1101 4132 simul
1114 4069 1152 4134 ad
1198 4079 1268 4142 aas.
1282 4067 1337 4143 nui
1352 4067 1526 4146 erimperto
1541 4068 1653 4132 summi
1669 4067 1817 4148 principis
1839 4070 2006 4150 obediant,
2029 4082 2059 4138 ot

281 4157 414 4214 aetatem
437 4150 588 4214 nobilium
615 4168 779 4232 regnorum
799 4151 960 4228 peruenire
973 4157 1150 4229 potuerunt.
1196 4145 1321 4210 interim
1338 4149 1528 4227 prouinciam
1551 4149 1601 4212 ael
1613 4149 1763 4214 uirtutem
1777 4167 1890 4228 suam,
1918 4171 1979 4218 non
1994 4161 2060 4220 lun·

321 4233 482 4314 objicient
490 4232 619 4298 tortasse
633 4233 854 4314 rempublicam
864 4233 1150 4313 Venetorumquaa
1195 4243 1287 4305 quum
1304 4231 1435 4294 alienam
1451 4276 1460 4308 ‚
1484 4232 1540 4294 sed
1555 4236 1588 4294 ul
1608 4233 1760 4312 propriam
1776 4235 1999 4313 ,moderantum
2015 4239 2058 4304 lta

281 4332 384 4380 annos
401 4322 541 4378 numerat
551 4333 644 4396 snpra
663 4317 748 4380 mille
763 4322 794 4378 et
808 4323 943 4379 centnm.
958 4316 993 4378 ιι
1007 4331 1065 4378 nec
1080 4320 1148 4396 ipsa
1197 4309 1303 4374 locum
1322 4313 1450 4378 haberet
1464 4313 1494 4378 in
1509 4314 1690 4393 republica,
1713 4322 1775 4378 tam
1799 4319 1883 4395 regia
1908 4322 2058 4399 quaedam

279 4399 425 4478 persenit
450 4399 488 4462 nd
514 4416 613 4462 annos
636 4400 722 4480 regni
738 4398 929 4479 Scyllarum,
947 4398 993 4460 rel
1007 4398 1147 4480 Assyrio·
1196 4396 1376 4486 monarchia
1390 4440 1400 4474 -,
1414 4413 1508 4478 quom
1521 4399 1613 4462 ctiam
1628 4398 1803 4478 principum
1816 4401 2007 4479 optimah'um
2027 4423 2058 4468 a·

274 4481 464 4560 rum3immo
477 4481 714 4552 neFrancorum
726 4483 863 4560 quidun:
876 4487 1072 4559 elpraetcroa
1083 4497 1147 4546 non
1193 4478 1374 4542 rrstocratla.

277 4571 327 4628 ast
347 4563 532 4643 respublica·
552 4539 735 4628 Venetorum
751 4558 1079 4626 aristocratiaodrniata
1093 4579 1150 4642 po·
1236 4556 1322 4632 Quod
1337 4562 1364 4625 si
1379 4560 1428 4624 his
1443 4561 1619 4636 adderetur,
1649 4567 1683 4626 ut
1711 4579 1813 4644 neque
1841 4581 1981 4630 summus
2004 4570 2057 4636 illc

275 4646 374 4722 litiae,
404 4662 496 4726 quam
521 4646 648 4709 termam
673 4645 816 4712 aatvtnns
836 4647 947 4714 laudat.
964 4646 1020 4710 sed
1041 4647 1148 4710 aristo·
1192 4653 1257 4710 rex,
1274 4659 1376 4724 nequa
1398 4646 1702 4725 principesminnres
1718 4647 2054 4718 haereditariasncees·

277 4728 375 4793 cratia
386 4727 519 4792 admixta
536 4729 744 4794 monarchiam
760 4744 819 4794 neo
831 4729 926 4794 ullum
937 4728 970 4792 in
980 4743 1017 4792 en
1028 4727 1148 4798 ustula
1193 4723 1283 4788 sione
1297 4729 1461 4808 dignitates
1476 4728 1544 4794 illas
1558 4729 1773 4805 condrecort,
1787 4733 1842 4794 sed
1858 4747 1895 4794 en
1911 4734 2054 4800 universo

281 4811 386 4876 locum
404 4811 499 4876 habet
512 4811 701 4876 dimocralia.
1193 4811 1309 4884 popolo
1324 4812 1429 4892 optimi
1447 4811 1562 4892 quique
1577 4809 1617 4875 od
1630 4825 1684 4874 eas
1698 4811 1915 4891 crebercnlnr;
1925 4815 1989 4894 jam
2006 4833 2054 4881 es·

316 4894 433 4972 Quinta
457 4909 493 4956 ao
508 4899 659 4971 postrema
685 4893 856 4973 proprietas
869 4899 928 4964 est.
943 4891 1075 4956 facilitas
1088 4911 1143 4973 gu·
1191 4893 1241 4950 sel
1258 4893 1350 4958 etlam
1362 4911 1437 4960 sous
1449 4895 1573 4974 quidum
1588 4894 1677 4958 locus
1694 4894 1888 4972 dimocratiae
1904 4902 1934 4960 in
1964 4916 2054 4979 repn-

275 4975 483 5040 hernatlonis.
499 4975 623 5038 llnilrrm
639 4978 720 5040 enim
736 4977 838 5052 rotem,
856 4976 944 5040 tacile
959 4991 998 5039 ne
1013 4992 1050 5039 an
1066 4976 1144 5040 diltl.
1188 4969 1269 5036 blica
1284 4979 1457 5040 attributus.
1474 4977 1558 5039 Hanc
1573 4991 1644 5040 essa
1660 4977 1805 5056 optimam
1821 4986 1850 5040 et
1864 4979 1894 5041 in
1910 4981 2052 5047 haemor-

276 5057 536 5126 oullcr-ohtioeri
557 5059 662 5138 possit,
680 5067 712 5121 nt
727 5060 833 5122 ciritae
847 5059 928 5123 hone
943 5057 1141 5137 gubernatur.
1191 5052 1242 5114 tali
1258 5059 1316 5124 rita
1330 5061 1460 5124 manime
1490 5057 1692 5139 expetendam
1716 5061 1842 5124 termam
1868 5064 2050 5144 regiminis,

274 5142 412 5206 arciens
427 5151 528 5206 aulem
543 5157 625 5214 esse,
643 5149 676 5206 ut
688 5142 727 5206 ab
738 5158 800 5204 uno
813 5147 895 5204 recta
910 5141 1146 5222 ciaitusregatur
1192 5135 1316 5204 duobus
1329 5143 1519 5223 argumentis
1534 5141 1781 5220 comprobamus.

275 5241 370 5307 qoam
386 5241 404 5286 a
421 5225 536 5298 multis,
549 5224 600 5288 his
614 5225 786 5290 rationibus
800 5224 921 5302 probari
935 5230 1049 5303 potest.
1234 5223 1369 5288 Primum
1383 5227 1467 5290 enlm
1489 5224 1617 5290 haberet
1640 5224 1793 5305 ejusmodi
1818 5227 2000 5306 gubernatio
2016 5247 2051 5295 aa

313 5309 464 5372 Primum:
488 5306 610 5370 tacilius
624 5314 672 5370 ost
685 5323 779 5386 unum
795 5308 949 5372 hominem
964 5307 1079 5372 bonum
1095 5323 1146 5370 ra·
1190 5307 1292 5370 omnia
1304 5307 1398 5385 bona,
1409 5323 1490 5388 quac
1504 5324 1595 5388 supra
1611 5307 1886 5374 demonstravimus
1902 5311 2050 5380 inescata

277 5391 393 5472 perire,
422 5406 514 5468 onam
539 5389 663 5454 mullos.
686 5387 804 5454 Deinde
819 5389 940 5454 tacilios
955 5389 1059 5468 populi
1074 5389 1140 5468 uni,
1188 5391 1380 5454 monarchia:
1394 5397 1423 5454 ει
1439 5397 1523 5454 εεεει
1537 5396 1693 5470 practerea
1716 5392 1746 5456 in
1773 5393 1830 5454 hac
1856 5393 1911 5454 ritu
1937 5397 2050 5475 gratior

272 5489 366 5554 quam
391 5472 498 5536 multis
519 5472 681 5551 parebunt.
702 5471 860 5536 mactatas
879 5472 1141 5552 magistratusqui
1188 5479 1220 5534 et
1234 5473 1347 5536 utilior.
1365 5473 1405 5536 ιε
1418 5474 1501 5538 bona
1513 5471 1637 5552 quidem
1662 5475 1858 5536 monarchiae
1874 5477 1904 5536 in
1922 5477 1979 5540 bne
1994 5497 2047 5544 no·

273 5572 330 5636 per
343 5559 443 5627 aloes,
457 5560 548 5633 arona
562 5554 599 5618 ad
610 5553 702 5622 hrere
714 5561 835 5632 leupus
851 5553 1073 5634 rempublicam
1084 5569 1137 5632 gc·
1186 5557 1250 5618 stru
1260 5555 1480 5632 gubernatione
1493 5556 1608 5631 inesse,
1623 5555 1749 5634 planum
1761 5563 1890 5632 asl;cum
1903 5559 1979 5624 traco
1994 5581 2047 5644 gn·

270 5645 354 5714 runt,
380 5639 470 5720 prius
487 5652 582 5718 saepe
597 5637 753 5717 deponere
774 5645 924 5716 coguntur
938 5636 1136 5716 provinciam,
1183 5633 1322 5699 bernalto
1346 5639 1554 5702 monarchiam
1581 5638 1740 5717 quamdam
1766 5655 1836 5702 rere
1865 5658 1900 5705 ac
1925 5646 2047 5724 proprie

272 5737 366 5801 quarn
388 5719 580 5800 reipublicae
602 5721 723 5802 negotia
753 5720 845 5798 plane
859 5720 1071 5800 cognmentum
1083 5734 1138 5782 rex
1183 5717 1423 5797 comprehendat
1436 5738 1444 5781 ε
1459 5721 1588 5784 laturam
1603 5725 1706 5784 autem
1731 5721 1762 5784 in
1778 5723 1920 5788 omnihus
1936 5731 2045 5806 gratio·

272 5811 375 5870 autern
400 5803 456 5884 qut
468 5817 593 5883 semper
616 5804 725 5868 eudem
739 5801 840 5868 olilclo
853 5801 1000 5881 iungitur,
1018 5799 1137 5866 tametsi
1181 5813 1259 5870 rem.
1274 5815 1311 5864 cx
1326 5815 1364 5866 eo
1378 5803 1512 5882 perspici
1528 5807 1639 5883 potest,
1656 5807 1738 5882 quod
1766 5820 1874 5870 omnes
1902 5809 1977 5872 illud
1991 5829 2043 5891 ge·

274 5885 431 5952 interdum
447 5885 591 5952 tardioris
603 5884 718 5964 ingenii
734 5885 785 5957 sit,
800 5891 902 5948 tomen
913 5889 1075 5963 usualqua
1085 5898 1137 5946 en·
1181 5899 1242 5946 nus
1256 5883 1415 5964 regiminis
1430 5885 1660 5965 segisamam,
1686 5888 1775 5969 cujns
1789 5891 1957 5969 participes
1972 5909 2042 5956 esse

270 5967 423 6050 parientia
433 5970 535 6032 multis
546 5968 615 6030 aliis
627 5973 768 6046 praestat.
783 5967 869 6042 item,
879 5965 972 6028 annui
981 5967 1137 6046 magistra·
1179 5971 1324 6046 passure
1340 5966 1430 6047 quale
1445 5967 1619 6032 sineduhto
1634 5971 1754 6036 esthon
1783 5979 1920 6036 nostrum
1937 6021 1945 6052 ,
1970 5993 2039 6039 cunr

273 6057 323 6118 tus
337 6052 461 6134 negotia
481 6051 684 6132 reipublicae,
706 6067 744 6115 eo
759 6050 841 6132 quod
857 6065 918 6113 non
929 6049 1064 6130 propria,
1080 6047 1136 6113 sed
1182 6047 1285 6112 virtuti
1300 6065 1362 6114 non
1378 6050 1484 6132 generi
1500 6051 1663 6118 deleratur.
