4792 7009
996 730 1095 795 ttthtt
1113 727 1264 802 ucthrtts
1904 726 1957 795 tet

266 878 316 929 ne:
329 861 387 927 sed
402 862 465 929 hoo
475 862 554 929 nibil
565 862 687 929 abasse
701 866 823 929 nostrae
838 877 979 931 crassae.
1004 866 1077 930 liam
1091 868 1120 930 id
1168 873 1201 931 et
1213 871 1351 931 sanctum
1365 866 1542 947 pontificem
1554 837 1663 946 tuisse3
1677 868 1828 932 testantur
1841 883 1952 934 omncs
1966 862 2024 941 iili,

263 948 345 1021 tecit,
361 960 430 1018 cunt
445 949 546 1013 adhuc
560 949 674 1011 viveret
687 948 843 1029 sylverius
857 965 947 1030 papa,
970 966 1033 1029 quo
1047 958 1122 1013 tem·
1168 952 1220 1031 qui
1233 951 1287 1013 illo
1301 953 1369 1031 ipso
1384 951 1674 1030 tempore-viventes
1697 950 1889 1030 seripserunt
1909 952 2026 1033 aliquid

263 1044 336 1111 porc
351 1026 480 1107 lligilius
496 1032 564 1110 ipse
578 1048 655 1111 papa
671 1048 733 1095 nou
748 1036 824 1101 erat,
839 1034 896 1095 sed
912 1033 1121 1113 pseudopapa:
1168 1034 1208 1095 de
1223 1033 1345 1112 vigilio.
1361 1032 1525 1113 Gregorius
1538 1032 1655 1096 tltht.
1681 1035 1773 1112 epist
1788 1034 1840 1097 36.
1867 1035 1905 1096 ad
1928 1040 2025 1115 episc.

262 1126 363 1189 neque
378 1115 461 1177 enim
475 1114 537 1177 duo
551 1114 642 1177 simul
657 1115 719 1177 veri
734 1112 897 1193 pontiliecs
922 1119 1033 1177 summi
1048 1132 1122 1179 essa
1168 1116 1299 1195 lrvhern.
1322 1116 1566 1187 lieeordundue,
1578 1116 1687 1193 innuit,
1700 1120 1878 1180 memoriae
1894 1118 2028 1196 ttamen

262 1199 404 1275 possunt,
420 1204 450 1261 et
465 1198 622 1260 constabat
635 1203 708 1259 tunc
720 1197 874 1272 omnibus,
888 1197 1058 1277 sylverium
1072 1214 1123 1261 ve·
1165 1214 1257 1276 popo
1268 1200 1307 1261 im
1316 1198 1396 1261 arbe
1409 1200 1501 1278 rapio
1522 1199 1731 1271 comtitutus,
1756 1207 1870 1271 cootrc
1887 1201 2029 1264 theodo·

261 1292 326 1341 rum
343 1280 517 1355 pontillcern
534 1294 616 1350 esse,
633 1279 705 1343 licet
718 1278 750 1341 in
764 1278 856 1341 axilio
870 1280 1008 1357 degeret.
1165 1287 1327 1345 rumtune
1339 1280 1525 1361 Auprratom,
1538 1282 1592 1343 uel
1603 1282 1786 1360 acephalos,
1803 1284 2027 1359 damnationis

301 1358 467 1425 Sciendum
476 1360 1122 1442 ostentm,lathomiunhaeraricumoepo·
1164 1364 1384 1443 promulgarit
1396 1365 1599 1427 sententium.
1616 1364 1816 1427 Cassiodorus
1839 1366 1892 1425 lib.
1909 1366 1947 1425 de
1963 1367 2026 1427 div.

261 1440 1122 1525 situmluisseabtlgapetoronrrnopontihccdeepiscc·
1167 1446 1319 1521 lectcap.
1337 1448 1366 1508 t.
1385 1446 1572 1526 origenem,
1595 1447 1704 1523 inquit.
1726 1449 2027 1525 prumentitempo·

261 1531 331 1603 potu
347 1526 688 1606 constantinopolitano:
705 1527 818 1589 deinde
833 1529 1057 1607 imperatricem
1069 1544 1123 1607 po·
1165 1540 1202 1592 rc
1222 1544 1246 1589 o
1270 1528 1380 1607 vigilio
1397 1546 1491 1609 popu
1515 1530 1586 1593 otro
1606 1528 1785 1592 beotisoinm
1814 1528 1938 1593 constet
1962 1545 2028 1591 esee

261 1608 393 1671 livissea
408 1608 672 1691 Svlteriolgepeti
686 1614 916 1683 successerant
926 1612 1121 1673 Anthemium
1169 1610 1374 1674 demnatum.
1397 1611 1504 1673 hrator
1518 1612 1642 1688 praeiet.
1656 1614 1719 1675 let.
1736 1614 1947 1691 apostolarum
1960 1612 2029 1691 ipse

261 1692 524 1775 restitueret„ouo
538 1699 713 1764 recusante,
729 1691 873 1771 vigilium
888 1698 961 1755 tune
973 1694 1122 1763 orchidia,
1166 1693 1302 1755 carmine
1313 1694 1448 1773 scripsit,
1465 1700 1495 1755 el
1507 1694 1617 1773 Vigilio
1630 1710 1728 1773 papae
1743 1694 1904 1764 dedicavit,
1920 1694 1967 1757 sic
1982 1696 2028 1755 in·

262 1786 374 1834 conum
390 1776 569 1853 promisisse
584 1774 818 1852 imperatrici,se
830 1776 1021 1837 Anthemium
1036 1792 1122 1837 revo-
1166 1776 1253 1853 cipit:
1273 1774 1409 1839 ιιοιιιιιιο
1429 1781 1540 1839 saneto
1555 1776 1736 1839 beatissimo
1750 1778 1935 1856 apostolico,
1947 1782 1977 1839 et
1989 1778 2030 1841 ia

262 1862 412 1931 catorum,
425 1858 452 1921 si
467 1863 726 1935 possetronranus
739 1857 963 1935 puotiierlleri:
977 1860 1122 1920 continuo
1166 1862 1230 1919 tcto
1242 1858 1436 1937 orbeprimo
1458 1861 1605 1922 omnium
1617 1858 1827 1923 sacerdotum
1850 1875 1961 1937 popae
1978 1860 2026 1921 tt·

263 1945 377 2014 autem,
396 1941 487 2020 jussu
502 1940 716 2017 imperatricis,
732 1954 826 2018 opera
848 1940 1009 2009 belisarii,
1025 1941 1122 2003 luisse
1166 1940 1257 2019 gilio.
1273 1940 1411 2018 lienique
1426 1949 1546 2004 constat
1559 1959 1597 2004 er
1610 1942 1737 2021 Evagrio
1754 1944 1808 2004 tib.
1824 1944 1856 2005 l.
1872 1942 1995 2020 eapti.
2009 1960 2030 2003 a

261 2036 289 2081 s.
302 2020 472 2099 sylverium
493 2024 655 2101 expulsum
676 2022 716 2086 de
730 2038 786 2085 sua
807 2023 883 2085 sede
897 2026 928 2085 ln
943 2024 1079 2093 erilium,
1092 2029 1124 2091 et
1170 2024 1276 2103 lligilio
1287 2022 1494 2087 confirmatam
1506 2025 1604 2086 tuisse
1619 2025 1654 2086 t.
1663 2026 1815 2103 synodum
1835 2026 2028 2105 generalem,

262 2103 404 2181 vigilium
420 2110 555 2171 creatum
569 2121 701 2184 papam,
717 2120 774 2167 seu
800 2106 902 2184 potius
927 2107 1098 2185 antipapam
1112 2110 1129 2167 ι’
1166 2104 1199 2167 in
1220 2121 1280 2183 qua
1294 2107 1434 2167 damnula
1454 2114 1503 2168 est
1516 2107 1653 2168 haeresis
1668 2106 1736 2180 illa,
1750 2106 1843 2186 quam
1863 2108 2023 2169 ‘theodora

262 2202 323 2264 quo
339 2192 477 2268 tempore
491 2194 654 2249 non'esset
667 2188 798 2263 mirum,
825 2188 853 2249 si
877 2203 979 2251 errare
994 2190 1025 2250 ia
1038 2188 1098 2251 lide
1112 2234 1120 2265 ,
1164 2187 1297 2261 invehet,
1317 2193 1351 2251 at
1365 2188 1404 2251 de
1418 2206 1478 2268 qua
1493 2189 1561 2269 ipse
1575 2188 1705 2270 vigilius
1719 2190 1758 2251 ab
1772 2190 1956 2252 adversariis
1978 2207 2027 2251 ac·

197 2294 198 2333 t
261 2276 293 2331 et
307 2268 397 2333 etiarn
422 2270 596 2333 haereticus
610 2272 703 2348 plano
731 2284 802 2332 asse
826 2271 988 2347 potuisset.
1014 2270 1123 2343 Quam·
1169 2277 1307 2334 cusator.
1411 2311 1413 2316 -

197 2360 198 2415 ι
261 2351 639 2431 qaaraaeranaouidem
663 2350 800 2415 delinivit
819 2352 934 2432 aliquid
960 2361 1065 2417 contra
1090 2352 1123 2414 ll·-
1178 2352 1781 2432 ·Passetetiamdici:epistolamillam
1795 2352 2030 2432 Vigilii,euJus

262 2438 333 2498 dem
350 2441 494 2515 tanquam
518 2435 655 2513 pontilax
671 2480 680 2507 ,
696 2449 802 2512 oeque
826 2436 928 2497 animo
950 2436 1124 2499 haereticus
1173 2435 1314 2497 meminit
1332 2434 1503 2512 Liberatus,
1519 2437 1616 2499 luisse
1627 2435 1786 2497 candetum
1799 2438 1838 2497 ah
1854 2437 2028 2498 haereticis:

260 2516 328 2579 luit:
344 2518 499 2599 siquidem
513 2517 675 2595 epistularu
689 2515 814 2595 scripsit
824 2518 969 2590 netarium
985 2519 1122 2599 quidam,
1166 2517 1339 2581 liberatum
1363 2524 1464 2580 autern
1489 2520 1659 2582 credidisse
1681 2519 1758 2581 laiso
1779 2520 1893 2580 rumori
1910 2561 1919 2592 ,
1936 2534 2030 2595 quem

261 2606 292 2663 et
313 2600 484 2663 Christiano
498 2599 624 2663 homine
637 2598 818 2679 indignamr
843 2606 944 2663 tamea
964 2602 996 2663 in
1024 2616 1059 2663 ea
1074 2616 1123 2663 ea·
1169 2599 1313 2663 haeretici
1334 2606 1525 2678 sparserant.
1546 2602 1617 2663 itum
1638 2602 1720 2681 quod
1746 2602 1894 2663 baeretici
1914 2600 2030 2662 eando-

261 2682 407 2745 thclicaur
421 2682 514 2745 iidem
529 2682 757 2744 condamnavit
778 2681 888 2760 palam,
902 2698 1004 2763 neque
1017 2683 1125 2746 baere-
1168 2684 1270 2745 serint
1283 2683 1444 2761 epistolam
1459 2686 1611 2762 quandam
1628 2684 1727 2763 lligilii
1743 2700 1838 2762 papae
1854 2684 1978 2748 nornine
1992 2684 2031 2745 ad

196 2822 197 2833 ,
261 2766 322 2827 ιιοο
337 2765 520 2839 natumsed
535 2764 667 2835 occulte,
679 2768 806 2843 propter
820 2766 1017 2845 cupiditatem
1037 2782 1124 2845 prae·
1168 2764 1359 2829 Theodoram
1374 2770 1405 2828 et
1417 2766 1635 2840 lastinianum,
1650 2767 1879 2844 deprehensum
1894 2766 1950 2827 luit
1964 2780 2032 2827 aer·

262 2848 397 2922 sidendi,
410 2855 443 2910 ut
456 2846 616 2909 Liberatus
628 2846 743 2912 ibidem
757 2845 833 2909 dicit
848 2890 857 2919 ‚
887 2854 918 2911 et
943 2862 981 2911 er
995 2848 1123 2927 epistola
1168 2848 1208 2912 tis
1222 2848 1346 2910 indiciis
1360 2848 1391 2910 in
1404 2847 1453 2909 vt.
1472 2850 1601 2929 synodo,
1616 2854 1674 2911 aot.
1692 2845 1742 2909 tt.
1759 2849 1814 2910 sed
1827 2848 1975 2927 quidquid
1990 2848 2032 2911 de

196 2958 197 2993 ι
262 2930 330 3009 ipsa
345 2931 445 3009 tigilli
459 2936 596 3009 apparet.
612 2927 725 2991 Scribit
738 2931 822 2991 enim
836 2936 870 2991 ut
884 2938 1020 2993 caveant:
1038 2946 1077 2993 ne
1092 2946 1124 2993 e·
1168 2930 1291 3007 boosit3
1306 2931 1381 2993 satis
1402 2930 1493 2993 nobis
1506 2938 1564 3004 est,
1581 2946 1652 2993 eum
1673 2931 1756 2992 nulla
1785 2932 1817 2993 in
1831 2944 1868 2993 re
1881 2944 2001 2993 errasse
2019 2977 2028 3007 ,

196 3044 197 3081 r
262 3013 407 3090 pistolom
427 3012 511 3075 illam
523 3012 609 3074 ullus
624 3011 768 3083 videarot
783 3017 816 3073 ut
829 3012 892 3079 sint
905 3015 1006 3076 omnia
1021 3013 1125 3076 occul·
1170 3028 1233 3096 quo
1247 3018 1387 3093 tempore
1398 3018 1488 3076 vc‘rus
1502 3013 1641 3093 pontiter
1656 3014 1724 3075 luit.

196 3154 197 3165 ,
263 3093 1125 3174 taosqooaoteropus:eratamarligttiustuoetaan·
1167 3160 1174 3170 ,
1208 3095 1603 3174 vigesimusprtmusests.
1621 3094 1786 3176 Gregorius
1804 3092 1834 3161 l.
1851 3094 1903 3174 qui
1929 3094 2028 3157 allu-

262 3176 374 3256 gustiis
386 3176 528 3249 summis,
541 3176 574 3237 in
589 3192 665 3253 quas
679 3190 752 3239 eum
773 3176 898 3239 ambitio
912 3194 967 3241 sua
982 3179 1125 3259 conjece·
1167 3179 1265 3241 rando
1279 3180 1311 3240 in
1324 3179 1355 3241 ι.
1371 3179 1445 3241 dist.
1467 3179 1499 3241 'l.
1515 3196 1547 3258 q.
1564 3179 1596 3240 ι.
1619 3184 1780 3241 accusatur
1808 3176 1933 3250 erroris,
1948 3177 2032 3257 quod

196 3306 197 3329 ,
261 3266 319 3321 rat.
338 3259 412 3321 Nam
427 3260 452 3321 si
468 3260 569 3338 palam
583 3274 618 3319 se
630 3257 817 3321 haereticum
840 3260 1044 3339 profiteretur,
1061 3276 1125 3324 me·
1169 3260 1201 3323 in
1226 3261 1349 3339 epistol.
1372 3260 1424 3323 bh.
1449 3261 1505 3323 lib.
1527 3257 1558 3324 3.
1576 3262 1614 3323 ad
1635 3260 1725 3323 toan.
1747 3260 1845 3338 episc.
1866 3258 2030 3322 Garulitan,

266 3341 371 3405 luebat
385 3356 550 3415 romanos„
567 3340 619 3417 qui
644 3340 845 3405 haereticum·
859 3343 971 3407 sedere
999 3344 1030 3405 in
1045 3342 1125 3407 Petri
1168 3342 1345 3423 permiserit
1359 3343 1549 3425 presbyteris
1570 3344 1709 3406 conterre
1728 3340 1970 3405 confirmationis
1984 3358 2036 3403 sa·

195 3460 196 3497 ;
263 3426 408 3488 cathedra
421 3438 575 3503 nunquam
588 3422 709 3501 passuri
723 3422 916 3487 videbantur:
933 3426 959 3489 si
974 3440 993 3489 e
1008 3432 1125 3489 contra·
1169 3432 1370 3500 crumentum,
1388 3430 1470 3506 qood
1484 3426 1556 3506 jure
1569 3426 1672 3487 divino
1686 3424 1763 3487 solis
1788 3424 1945 3503 episcopis
1959 3430 2034 3487 corr·

195 3536 197 3579 r
263 3509 310 3570 ria
327 3507 513 3583 catholicum
540 3503 800 3585 seprolltaretur,
826 3508 982 3585 metuabat
996 3508 1125 3587 impera·
1168 3507 1264 3570 veuit.
1285 3507 1412 3587 Propter
1427 3523 1520 3589 quem
1534 3510 1637 3571 locum
1657 3506 1796 3587 Gregorii
1816 3506 1987 3570 liadriaoos
2001 3506 2035 3569 in

195 3620 196 3661 r
263 3590 372 3653 tricem
387 3590 583 3661 haereticam,
606 3587 696 3667 eujus
711 3602 804 3667 opera
830 3590 1037 3669 ponuflaatom
1053 3592 1125 3655 ade·
1170 3594 1292 3671 quaest.
1315 3593 1355 3653 de
1375 3590 1546 3654 confirmat.
1568 3598 1625 3652 art,
1649 3592 1706 3652 ult.
1721 3590 1842 3662 asserit,
1857 3589 2035 3669 pontillocm

267 3679 341 3750 ptus
352 3672 461 3748 iueratr
482 3670 586 3752 itaque
601 3671 751 3733 rationem
775 3666 860 3733 illanc
884 3674 1076 3754 excogitavit,
1092 3680 1126 3735 ut
1171 3688 1267 3754 posse
1281 3686 1384 3735 errare
1399 3674 1431 3734 iu
1447 3673 1634 3736 deliniendis
1652 3672 1847 3752 dogmatibus
1866 3671 1953 3734 fidei.
2008 3692 2012 3699 ·

266 3754 379 3817 homae
395 3754 721 3831 catholicumagerct,
747 3760 778 3815 et
798 3754 920 3817 interim
940 3772 997 3835 par
1021 3756 1125 3821 literas
1212 3756 1530 3833 Gespondaoprimo:
1546 3755 1656 3819 lionb.
1673 3754 1874 3835 Gregorium,
1908 3754 1963 3817 sed
1978 3752 2038 3817 llu-

195 3874 196 3913 ι
267 3838 349 3916 ιριιιι
366 3834 591 3917 imperatricem
606 3835 793 3899 haereticum
814 3838 983 3901 simularet.
1172 3840 1302 3901 randum
1324 3837 1427 3917 potius
1448 3846 1480 3899 et
1506 3837 1693 3901 Hadrianum
1714 3852 1848 3899 errasse.
1879 3835 2039 3914 siquidem

308 3918 441 3999 Contigit
454 3924 555 3981 autem
569 3916 662 3995 paolo
683 3925 764 3996 post,
779 3924 814 3981 ut
827 3918 983 3999 sylverius
995 3934 1128 3983 movere·
1174 3920 1340 3983 concilium
1354 3919 1549 3983 florentinum
1561 3921 1593 3981 io
1607 3920 1903 3983 instructarmen.ct
1921 3920 2039 3982 triden-

265 4006 328 4081 tur;
341 4008 372 4064 et
384 4000 525 4083 vigilius,
540 3999 593 4078 qui
608 4013 646 4061 eo
660 4014 759 4079 usquo
773 4001 805 4062 in
816 4000 981 4065 schismate
995 4004 1127 4079 sederat,
1174 4003 1273 4065 tinum
1287 4000 1903 4075 sessi.ean.ult.doeent,eonllrmaticois
1917 4002 2038 4065 ordina·

266 4084 421 4163 inciperet
429 4082 493 4163 jam
508 4082 594 4145 solus
609 4087 640 4144 et
653 4082 810 4160 legitimus
822 4084 958 4163 pontiler
972 4100 1064 4161 esse,
1081 4086 1127 4147 ni-
1175 4084 1256 4147 rlum
1270 4085 1443 4148 ministrum
1458 4100 1530 4147 esse
1545 4086 1737 4164 episcopum:
1754 4099 1792 4145 eu
1808 4100 1870 4163 quo
1885 4083 2036 4161 sequitur,

266 4166 392 4240 mirum,
408 4165 608 4229 οοοιιιιιιιιιιο
621 4170 653 4227 οι
665 4164 836 4245 accipiente
850 4182 920 4229 eum
932 4168 1016 4230 clero
1030 4174 1061 4230 et
1072 4184 1128 4246 po·
1171 4182 1267 4247 posse
1277 4168 1620 4241 extraordinarie,etiam
1633 4183 1693 4229 non
1706 4166 1887 4245 episcopum
1899 4182 1970 4228 esse
1983 4168 2040 4228 rni-

266 4250 343 4328 pulo
358 4247 543 4311 icmauodb
558 4246 617 4309 hoc
631 4261 703 4309 vero
715 4254 853 4327 tempore
865 4252 969 4313 nullus
984 4250 1127 4313 inventus
1173 4252 1303 4312 nistruor
1317 4248 1385 4329 eius
1399 4248 1894 4327 saeramenti.lieiode‚Gregorius
1909 4264 1970 4311 non
1985 4250 2039 4312 de·

267 4338 317 4395 cst
337 4330 369 4393 in
393 4330 501 4410 lligilic
515 4336 567 4393 aut
581 4344 678 4396 error.
694 4334 747 4391 aut
761 4331 874 4394 erroris
885 4332 1050 4396 simulatice
1073 4334 1129 4396 sed
1175 4338 1295 4396 oretum
1307 4332 1439 4411 aliquod
1448 4334 1487 4395 de
1497 4333 1556 4394 hac
1570 4348 1605 4395 re
1620 4328 1740 4405 edidit,
1757 4334 1812 4393 sed
1841 4330 1942 4392 solum
1965 4346 2040 4393 con·

267 4430 388 4476 summa
403 4412 574 4477 constantia
587 4411 620 4474 in
635 4410 696 4475 lida
712 4417 857 4492 usquead
871 4424 1010 4483 mortem,
1027 4423 1067 4481 ut
1079 4433 1131 4495 sp·
1176 4415 1273 4479 cessit
1287 4414 1473 4495 quibusdem
1493 4415 1682 4495 presbyteris
1698 4461 1706 4490 ,
1722 4420 1756 4475 ut
1780 4412 1961 4476 absentibus
1977 4412 2042 4493 epi·

267 4504 384 4575 pareat,
401 4497 555 4575 cumipse
569 4494 746 4573 pontillcatu
773 4494 944 4559 firmitatem
971 4497 1043 4560 llrlai
1060 4510 1130 4561 eom
1177 4498 1284 4577 scopis
1300 4496 1529 4576 coollrmarent3
1544 4497 1686 4577 proinde,
1702 4496 1730 4559 si
1743 4496 1776 4558 in
1791 4498 1848 4558 bae
1873 4513 1907 4557 re
1929 4495 2043 4575 Grego-

271 4581 444 4658 accepisee,
460 4584 492 4641 et
504 4577 544 4640 de
558 4576 617 4639 levi
632 4578 719 4653 palca
734 4580 765 4639 in
778 4580 994 4643 solidissimam
1039 4586 1133 4644 elram
1177 4582 1246 4645 rius
1259 4586 1401 4655 errasset,
1419 4596 1481 4641 noo
1496 4581 1663 4652 doetrinae,
1680 4579 1736 4642 sed
1752 4578 1885 4658 erernptt
1900 4594 1958 4641 seu
1971 4578 2044 4641 lacti

268 4667 488 4725 commutatum
504 4659 694 4722 laissaltam
714 4676 783 4723 curo
799 4660 973 4741 imperatrix
1020 4664 1134 4726 hendo·
1179 4678 1266 4725 orror
1284 4662 1407 4725 luisset.
1428 4662 1482 4725 list
1506 4664 1597 4730 etiam
1624 4662 1703 4723 alius
1727 4660 1853 4740 quidam
1874 4676 1970 4732 error,
1988 4661 2043 4741 qni

267 4762 302 4807 ra
316 4744 473 4808 haeretica
488 4743 565 4805 trata
586 4742 716 4805 occultis
736 4744 854 4817 literis,
876 4752 908 4806 ct
928 4747 1134 4824 promissione
1179 4762 1208 4807 s.
1224 4744 1369 4824 Gregorio
1381 4744 1564 4820 attribuitur,
1581 4746 1637 4806 sed
1652 4746 1740 4812 laiso,
1763 4745 1803 4807 de
1824 4759 1886 4823 quo
1902 4744 2048 4805 dicemus

267 4824 383 4908 vigilii,
400 4830 523 4906 peterat
536 4823 575 4886 ab
596 4839 646 4896 eo,
669 4831 703 4885 ut
716 4824 911 4889 Anthemium
933 4827 1134 4907 patriarcham
1180 4828 1271 4902 intra,
1287 4842 1358 4889 cum
1372 4829 1550 4905 agemusde
1563 4827 1711 4907 Gregorio
1726 4826 1780 4887 lll.

268 4910 474 4990 praedictum,
491 4908 571 4969 sicut
582 4908 1016 4988 promiserat,restitueret;ille
1027 4912 1136 4975 rescri-
1222 4908 1556 4989 vigesimussecundns
1571 4918 1618 4972 est
1631 4908 1809 4970 Bonilaeius
1820 4906 1855 4968 t.
1870 4922 1964 4986 quern
1974 4920 2042 4986 gra»

268 4993 345 5071 psit,
364 4997 529 5055 setemere
545 4986 736 5069 promisisse,
752 4990 989 5071 graviterqueea
1007 4994 1136 5071 prornis-
1182 4992 1503 5071 viterveprehendunt
1517 4992 1797 5073 ltagdehorgenses
1811 4988 1897 5052 Gent.
1926 4990 1955 5051 ι.
1972 5006 2041 5069 cap.

271 5077 363 5137 sione
377 5088 536 5154 peccasse,
559 5077 591 5133 et
604 5070 676 5133 ideo
691 5086 752 5133 oon
764 5088 880 5151 possa,
902 5090 963 5136 nec
987 5072 1065 5137 velle
1080 5080 1136 5138 irn-
1183 5074 1234 5137 itt.
1252 5075 1333 5151 quod
1344 5074 1413 5153 ipse
1426 5078 1466 5135 tn
1482 5076 1571 5152 epist.
1595 5074 1633 5136 ad
1651 5072 1800 5135 ilduinum
1826 5072 1936 5151 regem
1953 5072 2042 5153 ingl.

254 5158 363 5237 ,plere
375 5172 454 5235 quae
469 5154 673 5235 promiserat,
688 5168 729 5217 ne
750 5163 874 5233 peccata
895 5158 1030 5234 peccatis
1044 5160 1136 5221 adde·
1181 5169 1273 5237 quarn
1287 5156 1380 5219 reiert
1393 5156 1474 5219 Beda
1487 5158 1542 5219 lib.
1555 5158 1586 5219 2.
1600 5156 2044 5235 hist.logt.eap.lu.docuartt,

222 5236 1137 5403 lllhQlllltlttlllllttilltltlllllllllti
1183 5237 2046 5401 “titillor-¹ttrttlrltslinstitistis,

277 5421 342 5467 non
357 5404 456 5467 solorn
471 5402 615 5467 scribitur
629 5400 661 5463 in
676 5402 854 5482 pontificali,
871 5406 927 5469 sed
942 5406 1033 5469 etiam
1043 5422 1137 5469 anna·
1182 5420 1288 5467 vocem
1303 5403 1389 5468 Solo.
1404 5401 1579 5466 Bonilacius
1593 5399 1675 5467 enim
1687 5403 1733 5480 sic
1747 5402 1798 5463 ait:
1812 5399 1960 5463 decedito
1971 5418 2047 5481 ergo

278 5493 381 5549 tnrunt
392 5486 504 5548 Paulus
524 5484 673 5546 diaconus
687 5485 720 5545 lo
734 5486 792 5547 vita
807 5486 980 5561 lastiniani,
994 5496 1024 5551 οι
1038 5490 1136 5549 limo
1182 5488 1231 5549 oo
1243 5489 1445 5567 aperitionem
1458 5485 1609 5567 sinemur
1620 5502 1676 5548 uos
1691 5485 1822 5555 crcooh,
1838 5485 1946 5563 quiin
1957 5484 2048 5548 cobis

277 5572 352 5631 nius
363 5567 419 5630 lib.
432 5568 463 5630 3.
479 5582 547 5646 cap.
562 5566 615 5629 32.
630 5566 670 5629 tle
684 5573 763 5646 gest.
778 5569 958 5633 Francoret
969 5570 1029 5649 ipsi
1045 5568 1136 5632 etiarn
1179 5568 1638 5649 οιιοοιιιοιιιῖιοιιίιιρινίιιοιιι,
1655 5569 1715 5647 qui
1725 5582 1785 5646 pru
1806 5571 1911 5629 cestro
1924 5567 2048 5629 redem-

276 5650 561 5730 llagdeburgenses
572 5648 658 5711 Geat.
675 5648 706 5713 G.
722 5665 790 5729 cap.
808 5651 858 5716 tlt.
884 5653 915 5713 in
930 5654 989 5715 vita
1014 5651 1135 5732 tigilli,
1180 5652 1292 5731 ptione
1311 5650 1742 5731 hammenburgensem
1760 5650 1861 5722 nihii,
1882 5655 1920 5711 ut
1932 5666 1989 5713 aar
2006 5648 2048 5713 oh

277 5735 404 5799 elidem
427 5733 516 5797 etiam
531 5730 645 5795 indicat
658 5731 1015 5811 brevissimeLiberatus,
1033 5734 1137 5798 iatine
1183 5734 1478 5814 empinolipeecuto
1499 5735 1647 5812 eriperet.
1670 5731 1752 5794 llaec
1777 5731 1841 5794 ille.
1863 5730 1921 5795 tlbt
1937 5779 1946 5807 ,
1962 5733 2048 5813 quod

277 5832 348 5896 cap.
365 5814 417 5879 22.
433 5816 486 5878 ubi
502 5814 586 5877 dicit:
608 5813 754 5894 ligitium
769 5815 808 5879 ab
824 5816 874 5879 iila
895 5817 965 5893 ipsa
993 5818 1135 5893 haeresi,
1183 5832 1247 5880 non
1263 5817 1437 5879 meminerit
1460 5820 1588 5879 aliorum
1614 5821 1809 5896 peccatorum
1839 5830 1946 5877 caussa
1967 5816 2048 5890 luit,

277 5916 369 5979 quarn
384 5900 471 5961 initio
482 5898 602 5961 occulte
616 5895 859 5975 inrorat,misere
873 5898 1015 5963 afflictum
1030 5906 1137 5980 postea
1185 5901 1256 5981 quia
1271 5906 1430 5978 peceatum
1452 5899 1602 5980 originale
1614 5905 1672 5960 ‘est
1684 5898 1867 5976 principale.
1881 5904 1914 5982 et
1924 5902 2056 5977 propter

275 5980 385 6046 luisse.
467 6008 470 6015 ·
1183 5982 1267 6062 quod
1281 5981 1447 6045 delendum
1462 5981 1671 6061 principaliter
1684 5980 1824 6042 Christus
1836 5984 1975 6042 mortuus
1987 5990 2047 6041 est.

319 6063 459 6143 lienique
470 6062 632 6142 tigillum,
641 6069 711 6141 post
723 6068 851 6127 mortem
871 6064 1010 6147 Svlverii,
1033 6080 1138 6129 verum
1183 6066 1270 6127 Unde
1284 6062 1371 6128 lcan.
1389 6066 1418 6127 l.
1434 6066 1578 6145 legimus:
1600 6066 1799 6141 decenarius
1813 6060 1883 6137 Dei,
1907 6077 1978 6126 eece
1991 6062 2050 6142 gui

346 6164 515 6219 Grmrutrr.
536 6159 600 6215 ior.
615 6158 635 6215 l.
1726 6159 1761 6212 os
