4792 7009
434 701 488 761 Μ
1055 699 1098 758 be
1118 697 1258 756 nostine
1279 695 1458 756 ueneritne

360 841 493 904 ctionem
515 834 691 914 imperalori
706 833 894 910 indicerent,
913 839 945 896 ct
956 831 1226 898 condonationem
1270 829 1474 896 denudant.
1490 829 1577 904 Quod
1595 831 1952 910 announcement
1984 850 2013 896 a.
2027 833 2127 910 Pipiroc

361 926 514 1001 peterent.
1026 935 1033 948 ·
1269 923 1300 978 et
1314 912 1420 978 carolo
1436 929 1627 979 conoessum
1644 915 1781 994 pentibei
1792 913 1826 976 iu
1841 911 1956 980 (lollius
1973 922 2006 978 et
2016 917 2128 980 tierme-

398 1001 596 1078 Soribilerpe
624 996 1077 1075 Plotina‚dcnstnntinnmlll.
1100 1011 1228 1076 perunna
1269 999 1349 1060 niam
1366 997 1540 1074 primatum,
1568 998 1599 1058 el
1619 1015 1704 1060 inore
1727 999 1880 1070 latronum
1907 1014 1966 1062 ces
1989 998 2124 1064 divisisse
2174 1059 2175 1062 ,

356 1092 419 1148 torn
434 1082 594 1148 sauctimte
615 1083 779 1146 benedieti.
794 1083 835 1146 ll.
858 1083 982 1144 misisse
1002 1081 1040 1143 ed
1063 1096 1134 1142 enan
1149 1095 1227 1142 san-r
1268 1080 1467 1158 praedamna
1485 1085 1519 1142 ut
1532 1079 1639 1155 l’ipinc
1649 1080 1801 1144 ellinpoto
1816 1081 1942 1144 calmet
1966 1085 2127 1158 temporale.

355 1169 500 1238 ctionem,
514 1183 577 1243 ceu
598 1166 739 1246 jubebat,
757 1165 827 1230 ulis
841 1181 934 1242 quem
950 1167 1055 1228 elerors
1076 1171 1107 1225 et
1124 1177 1225 1240 popu·
1267 1163 1452 1235 dominium,
1470 1162 1667 1240 mnrfiotnua
1679 1173 1781 1228 annau
1796 1164 1964 1231 comedetii
1980 1166 2123 1242 principu-

353 1252 404 1318 les
418 1252 576 1330 elegisset,
601 1266 670 1314 mon
694 1265 786 1312 rems
809 1247 921 1310 dbristi
944 1246 1076 1308 olannus
1091 1245 1224 1309 babere·
1268 1251 1329 1319 tos,
1354 1259 1414 1306 uon
1432 1245 1522 1308 tuedo
1538 1245 1648 1313 laisum
1660 1254 1719 1318 est,
1747 1247 1921 1310 sedellnm
1949 1247 2125 1316 centrarium
2153 1285 2173 1325 ‚s

353 1343 412 1398 tur.
430 1347 490 1396 nnn
507 1339 664 1410 expectate
678 1334 740 1394 ulln
756 1328 949 1406 imperatoris
978 1331 1144 1392 sententia.
1161 1327 1228 1391 lta-f
1265 1327 1419 1405 superiori
1436 1329 1609 1390 mendacio:
1622 1329 1780 1394 mandacio
1792 1330 1879 1394 enirn
1890 1329 1946 1392 ille
1960 1343 2068 1394 secum
2081 1347 2124 1408 pu·
2150 1348 2168 1407 ι

346 1431 414 1492 nce
425 1416 550 1480 sanctie
566 1413 754 1479 Constantini
768 1413 820 1479 tl.
843 1429 905 1476 non
922 1412 979 1474 luit
994 1410 1074 1474 cirea
1088 1417 1230 1490 pateam.
1267 1416 1373 1490 gaunt,
1396 1417 1428 1474 et
1443 1427 1537 1474 unum
1553 1402 1683 1474 ulteru'dr
1700 1415 1853 1496 destruit„
2164 1420 2166 1433 ’

351 1507 416 1566 tem
440 1507 598 1576 papamet
613 1496 764 1580 botherus
780 1494 907 1577 putarit,
919 1495 981 1559 sed
991 1495 1073 1558 circe
1093 1494 1224 1559 electio·
1307 1493 1350 1556 lle
1369 1491 1503 1570 ¹prinrurn
1518 1499 1600 1570 cuod
1615 1493 1777 1560 zaetarius
1786 1495 1870 1574 jann
1881 1499 1912 1556 el
1926 1492 2067 1572 legitime
2079 1496 2126 1558 dea

357 1585 431 1644 nean
448 1588 575 1642 tantum.
1055 1586 1058 1590 “
1268 1573 1408 1655 posuerit
1422 1574 1630 1638 childericum
1645 1592 1762 1656 repen,
1779 1577 1916 1640 merceri
1940 1577 2073 1658 jusserit
2086 1579 2122 1638 li·

378 1665 439 1728 ,Ad
456 1663 530 1726 illud
548 1663 586 1724 de
598 1660 698 1723 Pbcea
720 1659 906 1737 responden:
921 1657 1056 1722 Plrccnrn
1083 1657 1223 1723 edidisse
1266 1657 1387 1738 pinum.
1400 1657 1551 1720 ananan
1565 1674 1675 1724 omues
1699 1659 1952 1738 cuclcnotbune
1977 1659 2125 1724 bisterton

360 1747 485 1825 eundern
496 1744 776 1821 mutationemque
803 1744 967 1806 declararit
993 1758 1151 1817 romanam
1166 1738 1224 1804 lie·
1268 1741 1420 1810 scribunt,
1438 1747 1499 1802 lem
1511 1739 1617 1804 Graeci
1635 1787 1643 1816 ‚
1658 1758 1751 1821 quoru
1766 1742 2036 1820 nottntexeepna
2056 1743 2124 1822 lap·

359 1829 487 1904 electum
508 1834 599 1905 ceput
615 1841 686 1887 ease
702 1829 838 1902 omniunt
851 1825 1070 1890 lieclesinrunr.
1094 1833 1126 1886 ιιι
1141 1825 1223 1893 lledn
1267 1821 1670 1904 deburgensibus..dentur.
1687 1824 1719 1893 ll.
1734 1841 1804 1905 cap.
1822 1823 1873 1892 ii).
1895 1823 1928 1886 in
1941 1825 2003 1886 nn
2024 1824 2124 1888 zona

357 1911 391 1974 ie
407 1911 464 1974 lab.
478 1911 521 1974 de
541 1925 597 1972 aea
617 1915 708 1972 ιιιιιιιι.
726 1914 758 1987 tn
772 1909 883 1972 Pboou:
907 1915 941 1970 et
961 1908 1026 1970 lde
1047 1906 1077 1968 in
1093 1905 1222 1979 librani·
1267 1907 1343 1979 riae,
1362 1912 1394 1970 et
1413 1904 1538 1970 Calvina
1561 1907 1622 1970 loe.
1638 1907 1691 1972 eit«
1705 1907 1811 1972 licien
1824 1907 1907 1972 enim
1936 1903 2129 1982 spinterum

357 2010 394 2055 ec
412 2038 420 2065 ‚
451 2010 487 2053 ac
514 1992 626 2053 Patrius
648 1993 797 2054 diaconus
814 1992 868 2054 lib.
900 1989 949 2050 te.
981 1991 1020 2051 de
1048 1990 1115 2051 reb.
1132 1989 1222 2053 Rern.
1266 1987 1299 2050 in
1315 1987 1371 2050 tile
1388 1987 1487 2054 ceroti
1503 1990 1616 2068 magni,
1632 1990 1793 2054 limenius
1807 1990 1863 2054 lib.
1879 1988 1911 2052 i.
1925 2006 1955 2053 e.
1972 1987 2026 2056 el.
2039 1989 2076 2052 de
2089 2006 2125 2054 re·

358 2082 521 2141 tententur:
537 2079 592 2134 sed
610 2090 671 2136 ncn
688 2082 849 2152 propterea
864 2072 992 2136 ni’brrca
1014 2073 1222 2146 introduelurn
1265 2069 1326 2134 bus
1352 2069 1448 2148 gestis
1463 2070 1676 2146 tirunculum,
1700 2071 1915 2138 cedrenusfin
1938 2071 2000 2140 ritu
2023 2071 2122 2134 mone

352 2172 428 2226 ‘ease
445 2159 531 2222 bunc
542 2159 704 2236 primatum
722 2175 730 2231 3
755 2172 826 2220 norm
847 2157 964 2217 lucens
992 2154 1024 2216 id
1039 2155 1145 2216 sannt
1166 2157 1222 2217 de·
1266 2152 1374 2228 isauri,
1393 2153 1505 2218 Paulus
1527 2155 1676 2220 diaconus
1702 2157 1757 2218 lib.
1780 2155 1820 2224 il..
1843 2169 1913 2232 cap.
1940 2154 1972 2219 5.
1988 2155 2029 2216 de
2049 2163 2118 2232 post.

358 2241 511 2306 elcrcndc
527 2247 558 2302 et
579 2243 773 2310 arcessendo,
802 2256 862 2300 non
892 2239 1079 2300 instituendo
1104 2237 1222 2315 alicuid
1265 2235 1612 2316 sarracenescum
1637 2239 1692 2300 lib.
1711 2239 1760 2300 ιιι.
1787 2237 1914 2302 decedis
1943 2237 1973 2298 l.
1992 2236 2121 2316 libanino

355 2323 427 2388 ncri
444 2341 470 2385 :-
491 2322 523 2390 id
550 2322 642 2403 ,quod
673 2321 845 2395 certissime
879 2319 997 2384 ratione
1021 2319 1226 2388 demonstrari
1266 2319 1323 2382 lib.
1339 2321 1370 2380 2.
1389 2317 1568 2384 Cbrenieor.
1582 2319 1734 2384 bonanus
1750 2319 1970 2396 Scotusllbda
1985 2317 2122 2382 Cbrenol.

355 2411 470 2486 potest.
547 2474 550 2479 ⁴
1067 2444 1070 2453 r
1129 2476 1131 2483 y
1267 2400 1345 2462 Otito
1361 2399 1568 2481 liiisingensis
1583 2403 1637 2464 lib.
1660 2402 1691 2466 5.
1705 2401 1889 2468 bistonbdc
1904 2400 2085 2466 viennensis
2099 2401 2124 2464 in

395 2487 470 2551 darn
481 2486 646 2562 erepcnm
663 2485 724 2565 lib„
735 2487 766 2551 l.
783 2484 875 2563 epist.
891 2484 943 2546 63.
967 2483 1005 2546 ed
1031 2483 1120 2547 loen.
1142 2484 1223 2548 Sira·
1267 2481 1381 2548 Ceron.
1398 2491 1487 2546 aetat.
1504 2484 1538 2546 d.
1550 2485 1655 2550 abbas
1669 2487 1883 2566 urspergensis
1906 2485 1940 2548 in
1955 2481 2070 2548 Gbrcn.
2088 2483 2125 2546 Si·

356 2587 423 2638 ens.
441 2567 579 2633 Decede.
597 2568 717 2646 innuit,
747 2565 1101 2646 constantinopolitanun
1116 2611 1134 2644 .,
1148 2569 1222 2648 qnia
1268 2567 1414 2646 gobertus
1424 2568 1495 2628 itern
1510 2568 1539 2628 in
1556 2567 1669 2638 Cbrcn.
1683 2576 1714 2632 et
1728 2567 1840 2650 Paulus
1855 2567 2008 2632 temtllus
2023 2565 2076 2630 lib.
2098 2567 2123 2630 la

357 2651 480 2720 dubitet
494 2667 568 2717 enm
582 2651 762 2729 apostolico
774 2652 850 2714 cede
861 2666 927 2714 ease
937 2649 1224 2732 mbjeetnntipncd
1268 2657 1298 2712 et
1310 2649 1340 2710 2.
1354 2648 1393 2712 de
1407 2656 1487 2728 pest.
1503 2647 1647 2714 Frurrcor.
1666 2654 1756 2730 pnnlc
1771 2656 1842 2716 aute
1856 2649 1958 2728 Pipini
1972 2655 2103 2725 ternpore
2117 2691 2124 2722 ‚

360 2743 388 2795 et
400 2733 557 2796 llcminns
571 2734 738 2810 piissimus
751 2735 947 2812 imperator,
963 2741 994 2794 et
1016 2732 1120 2809 frater
1131 2749 1223 2796 nnete
1270 2733 1309 2796 itu
1326 2731 1610 2808 repeasranmron
1623 2734 1858 2814 degenerasset
1871 2734 1938 2808 spis
1951 2729 2124 2811 majeribus,
2174 2799 2175 2810 χ

357 2815 522 2886 Eusebius.
544 2815 691 2894 eundern
718 2817 855 2880 ciuitatis
887 2816 1058 2894 epiecopus
1091 2817 1223 2879 trandne
1267 2814 1398 2876 utcmni
1413 2831 1539 2894 prorsus
1555 2815 1642 2894 repni
1664 2835 1736 2880 eura
1758 2817 1899 2882 translata
1916 2816 1949 2878 iu
1964 2815 2119 2892 montanos
2174 2811 2175 2874 l

355 2897 946 2979 proptemmtsnriptaanternxepiatota
962 2898 1223 2962 estentel’boeae
1268 2896 1490 2978 equiturnseu
1514 2899 1821 2976 praetermeantes,
1849 2903 1966 2974 tantum
1989 2896 2123 2960 semelin
2174 2927 2175 2940 r

359 2982 524 3060 imperium
540 2981 631 3046 unitis
645 2981 767 3044 circiter
781 2981 931 3065 quinque,
945 2987 978 3042 ut
991 2997 1031 3042 ex
1046 2979 1224 3045 indictionis
1268 2995 1348 3042 anno
1361 2980 1503 3044 kalendis
1519 2981 1600 3059 annii,
1614 2983 1779 3062 smpcpulo
1794 2986 1998 3044 ostentarent:
2008 2985 2068 3044 tcto
2082 2994 2123 3042 re·
2174 2975 2175 3024 l

358 3079 488 3128 numeru
509 3070 616 3142 aperte
628 3064 795 3144 colligitur.
1267 3078 1301 3126 ru
1317 3063 1435 3141 reliquo
1452 3070 1589 3142 tempure
1605 3064 1728 3128 deliciis
1741 3065 1773 3128 ‘et
1784 3063 1929 3144 rolu'ptuti
1945 3077 2068 3142 operum
2080 3061 2123 3124 dt·

397 3145 518 3212 Deinde
531 3145 723 3214 lustiniunus
739 3148 856 3220 senior,
871 3145 924 3224 cui
935 3153 1007 3210 aute
1021 3145 1153 3210 Plancum
1170 3146 1222 3211 lc.
1270 3151 1350 3221 rent;
1364 3153 1394 3208 et
1410 3143 1572 3223 propterea·
1592 3149 1730 3210 emnium
1760 3155 1928 3226 procerum
1945 3158 2122 3210 cousensus
2174 3177 2175 3214 r

361 3230 453 3293 cunis
469 3230 536 3303 luit,
552 3228 582 3294 in
600 3228 691 3306 epist.
707 3229 745 3290 nd
760 3229 851 3292 lcan.
873 3229 914 3292 tl.
929 3228 1225 3292 offirmotrcrnanaru
1269 3227 1415 3308 pontifice
1429 3229 1558 3292 inaximo
1581 3230 1779 3309 postulantur,
1809 3235 1842 3292 ul
1867 3229 1916 3292 cis
1943 3225 2122 3308 permitteret
2174 3223 2175 3240 ¹

358 3309 530 3392 Eeelestaru
545 3327 617 3376 esse
632 3319 723 3390 eepnt
739 3312 875 3376 omnium
890 3312 1107 3383 ecelesiarum:
1124 3319 1155 3374 et
1167 3313 1222 3374 ia·
1267 3309 1387 3388 replum
1404 3311 1525 3376 tilulum
1541 3313 1572 3374 in
1584 3313 1842 3390 castrensibus,
1874 3307 1927 3390 qui
1953 3325 2027 3378 vere
2048 3323 2081 3372 tc
2093 3321 2122 3372 rc

360 3393 551 3474 lentinianua
564 3393 620 3472 qui
635 3393 770 3459 Pirenam,
783 3393 854 3456 tter
870 3394 960 3456 annis
972 3396 1143 3472 praecessit
1158 3437 1167 3466 ‚
1191 3395 1224 3457 ln
1268 3393 1334 3471 ipse
1348 3408 1438 3472 reges
1453 3399 1550 3468 erant,
1567 3401 1604 3458 et·
1612 3395 1700 3475 rapui
1710 3439 1714 3448 .
1725 3395 1846 3474 repone
1871 3391 2053 3474 jamdudum
2067 3389 2122 3454 leli·

363 3475 457 3556 epist.
473 3477 510 3544 ad
533 3476 687 3539 Tlteodcs.
711 3475 822 3539 asserit
837 3517 854 3553 ‚,
870 3477 1225 3555 romanumponliileem
1268 3481 1345 3538 citer
1360 3475 1655 3541 administraverant.
1672 3477 1759 3556 Quod
1772 3475 2060 3555 nunejustiesimum
2075 3487 2121 3552 pu·
2174 3493 2175 3512 ι

362 3559 572 3636 principatum
594 3558 759 3622 sacerdotii
788 3574 884 3638 super
900 3575 1010 3623 cannes
1032 3574 1156 3640 semper
1171 3561 1224 3622 ba·
1269 3558 1414 3622 stulalum
1430 3565 1512 3635 arnt;
1531 3559 1690 3626 laborabat
1704 3561 1787 3624 eninr
1815 3559 1912 3624 cattia
1926 3565 2052 3638 propter
2077 3553 2125 3618 illc

365 3640 487 3704 buisse.
500 3639 534 3702 Id
548 3643 648 3720 ipsum
665 3656 702 3702 en
718 3639 901 3704 testimoniis
928 3642 1071 3712 lrenaci.
1094 3644 1225 3704 Albune-
1270 3648 1404 3704 menstra
1417 3642 1497 3720 apud
1510 3657 1620 3712 ornnes
1632 3641 1965 3722 nationesprnrissimu
1986 3637 2119 3712 intonit.

356 3722 590 3804 .sii‚=llprilli,
614 3723 824 3798 Theodorei,
850 3723 1013 3788 &consui
1041 3730 1072 3788 et
1096 3725 1225 3788 eliorum
1272 3729 1303 3786 et
1323 3723 1464 3790 similitor
1475 3739 1606 3806 regnum
1619 3725 1795 3790 innumeris
1808 3723 2057 3790 ctsacnolcnlbns
2080 3735 2120 3784 re·

362 3803 552 3876 &cecorum
569 3851 577 3877 .
594 3822 674 3885 ques
689 3822 781 3886 supra
797 3805 980 3888 citavimus,
996 3807 1225 3887 comprobatur.
1272 3807 1426 3888 piabatur.
1441 3837 1444 3844 =
1536 3873 1538 3878 ,

401 3887 516 3959 Caussa
537 3893 639 3952 aulen
656 3905 710 3952 cur
723 3889 842 3952 Pbecas
857 3905 924 3955 rent
946 3895 1013 3974 lam
1041 3897 1156 3954 certam
1171 3892 1227 3952 ile·
1271 3921 1275 3954 ;
1314 3887 1419 3968 lienus
1429 3891 1529 3954 scium
1540 3887 1589 3970 (ut
1600 3890 1650 3966 isti
1666 3896 1807 3956 auctores
1816 3887 1938 3969 dicuni)
1948 3885 2033 3952 nulla
2046 3881 2121 3963 renni

360 3971 514 4066 rupnlepe
533 3985 588 4034 sna
603 3971 803 4068 sanciendam
821 3971 991 4066 putauerit.
1013 3973 1071 4035 init
1079 3973 1228 4060 superbie
1269 3977 1395 4068 ⁴negotia
1410 3989 1501 4070 repes
1516 3973 1733 4070 illineurabant,
1751 3973 1917 4068 sedetiam
1948 3975 2068 4065 propter
2080 3979 2121 4028 ec

360 4051 1177 4212 ttrnlltlsltl‘tllttllnttlilnlli
1193 4061 1230 4202 l}
1272 4054 2016 4219 ttltlttttllllllrltllsllalttlll
2029 4057 2117 4212 llll.

262 4257 265 4262 -
359 4218 429 4288 ,nim
443 4220 487 4280 illi
502 4236 537 4281 se
553 4221 739 4298 patriarchas
767 4219 980 4288 universales.
1006 4225 1038 4283 el
1061 4221 1178 4300 primes
1195 4238 1227 4283 e·
1271 4220 1409 4297 lingunt.
1426 4223 1463 4284 cd
1479 4223 1604 4286 zachar.
1620 4239 1698 4286 rem.
1713 4222 1821 4302 pontii.
1837 4218 1892 4284 ubi
1907 4217 1994 4286 dicit.
2011 4231 2062 4295 per
2074 4211 2118 4276 st.

367 4299 719 4383 urnioru'episeopcrunr
735 4301 914 4368 scribebant
936 4309 1041 4367 contra
1070 4319 1162 4370 nonne
1175 4303 1227 4381 jus
1273 4305 1394 4366 circiter
1415 4322 1538 4378 arruns,
1565 4306 1595 4366 in
1611 4299 1738 4368 Francia
1765 4303 1828 4368 illis
1857 4298 2120 4378 Sardanapalisrc·

365 4392 396 4446 et
417 4384 488 4458 les3
514 4386 902 4457 ctenccmmuuicationes.
919 4396 997 4464 quus
1023 4385 1055 4465 ln
1071 4402 1126 4448 ecs
1152 4387 1227 4448 tnle·
1273 4387 1450 4464 enantibus.
1467 4389 1583 4469 nnllam
1604 4387 1756 4466 synodum
1769 4387 1864 4450 luteae
1878 4377 2119 4467 celebratnnnin·

361 4469 431 4526 rant
449 4466 603 4546 Pelagius,
617 4474 647 4529 et
658 4467 823 4544 Gregorius
844 4468 959 4546 romani
976 4467 1149 4549 pontifices,
1166 4483 1229 4533 unu
1274 4468 1386 4530 clesias
1400 4465 1593 4550 episcopales
1604 4487 1621 4534 u
1633 4469 1719 4536 luicis
1734 4476 1765 4532 et
1780 4469 2117 4549 publicanispcasessas,

364 4553 527 4626 potueruut
542 4548 780 4614 obstinationem
808 4559 916 4612 eorum
940 4551 1105 4627 lranpere3
1131 4553 1228 4614 risum
1274 4552 1405 4616 elericos
1426 4552 1763 4632 quatuuruulnuinnue
1779 4543 2118 4614 atronteoneubluusba·

239 4646 241 4649 ·
362 4633 412 4693 est
426 4631 602 4708 imperatori
617 4628 746 4704 bonurn,
762 4637 795 4694 ut
808 4632 888 4712 ipse,
904 4649 997 4712 quem
1010 4631 1118 4697 Graeci
1131 4632 1228 4713 monis
1274 4630 1577 4716 buisse,religionein
1591 4626 2120 4715 dentqueomnenoonnuootauet

361 4712 520 4778 timebant.
538 4729 573 4776 se
597 4713 821 4793 intecpcnerel.
842 4715 947 4794 ltaque
971 4715 1224 4790 declararit,ro·
1273 4717 1463 4796 dissipatum.
1593 4753 1594 4756 =
1714 4767 1721 4780 .

361 4811 482 4859 manant
502 4793 676 4863 Ecclesiam
695 4803 786 4876 eaput
814 4798 1058 4865 esse-,ennium
1071 4799 1224 4861 Ecclesiu-
1314 4799 1388 4864 Cum
1403 4816 1477 4881 erge
1492 4801 1653 4876 chbnrins
1665 4799 1852 4880 intelligeret
1863 4797 1929 4880 jann
1950 4789 2116 4874 permultos

361 4878 576 4957 rurnzprcinde
590 4879 955 4956 corrsuntlnopolltannm
967 4882 1147 4958 episcopum
1163 4898 1225 4944 non
1271 4899 1367 4946 annos
1382 4899 1471 4962 repes
1483 4884 1669 4949 Francorum
1686 4885 1752 4946 solo
1768 4883 1854 4945 titulo
1873 4881 1970 4942 luisse
1984 4891 2078 4954 repes,
2091 4876 2116 4937 el

362 4975 433 5024 esse
449 4960 630 5040 episcopum
646 4963 863 5036 universatem,
888 4963 945 5027 sed
966 4963 1181 5042 particularem
1194 4969 1246 5033 et‘
1272 4965 1491 5040 childericum,
1504 4969 1557 5046 qui
1574 4973 1645 5028 tune
1667 4967 1814 5047 regnabat
1826 5009 1846 5038 ,-
1865 4979 1927 5026 uon
1957 4958 2053 5022 solum
2064 4970 2115 5018 nc·

360 5042 539 5123 subjeetum
560 5043 748 5124 apostolicae
762 5045 843 5108 sedi.
865 5088 872 5102 .
970 5077 973 5081 >
1015 5090 1021 5096 .
1271 5063 1304 5112 re
1320 5047 1466 5130 nodorum
1478 5049 1554 5122 nibil
1570 5065 1678 5115 curere
1693 5095 1702 5126 ,
1719 5049 1775 5115 sed
1790 5051 1882 5114 ctiam
1904 5041 1987 5109 omni
2008 5051 2116 5118 titilius

403 5127 446 5186 tu
459 5126 533 5187 illud
551 5129 590 5188 de
605 5127 712 5206 Pipiuc
736 5127 933 5206 respondeo:
961 5125 1119 5192 Caluinum
1148 5127 1225 5190 mire
1271 5131 1395 5210 ingenio
1410 5147 1526 5204 carere,
1538 5148 1661 5208 ae-rere
1683 5131 1839 5210 stupidum
1863 5134 1894 5192 et
1908 5124 1970 5192 diei
1984 5129 2015 5188 et
2033 5135 2114 5213 esse)

362 5207 784 5288 erlideiorerarnquumdeur
809 5210 969 5278 bislcriam
996 5210 1119 5284 duobus
1141 5226 1225 5290 rnen·
1272 5215 1406 5276 etsimul
1429 5215 1545 5278 videret
1564 5229 1694 5295 regnum
1721 5220 1752 5278 el
1779 5213 1960 5292 religionem
1990 5208 2020 5270 iu
2035 5203 2113 5281 delle

362 5291 459 5355 deciis
471 5290 636 5358 inuolutam
650 5290 898 5369 inpetrneinium
926 5310 1003 5362 suun
1022 5294 1225 5358 baeresisad·
1272 5311 1372 5370 nuere,
1389 5303 1420 5358 el
1434 5312 1542 5359 ornnes
1555 5311 1699 5376 proceres
1714 5297 1800 5376 regui
1818 5294 1956 5372 Pipinutn
1969 5303 2067 5370 repent
2084 5300 2110 5346 ι·

363 5389 504 5436 vocasse.
529 5374 602 5441 Natu
622 5375 705 5454 qnod
718 5377 771 5444 ait.
792 5373 968 5454 pontificum
984 5372 1131 5455 suffragio
1144 5376 1225 5469 Pipi·
1270 5382 1500 5457 pleimundum
1517 5387 1549 5443 ut
1564 5381 1642 5442 ised
1668 5396 1760 5458 nuem
1788 5375 1946 5458 spectabat
1968 5369 2110 5452 prouidere

363 5471 435 5519 nurn
450 5458 487 5518 ad
504 5472 633 5536 regnum
649 5457 836 5538 lirmtccrum
853 5503 862 5532 ‚
880 5465 911 5522 el
924 5457 1064 5521 desonam
1080 5475 1225 5537 magnum
1270 5461 1407 5528 omnium
1423 5477 1547 5526 suerum
1560 5461 1662 5538 saluti,
1673 5461 1822 5544 jonltcatit
1836 5461 1930 5522 licere
1945 5451 2063 5544 lira-ucis
2075 5463 2112 5510 rt·

362 5542 401 5600 ad
422 5541 586 5614 imperinm
598 5542 802 5624 Romanorum
819 5541 997 5623 peruenisse
1013 5560 1022 5618 3
1040 5542 1223 5616 ternensi,
1270 5561 1365 5623 gnum
1380 5543 1543 5618 Clrildericl
1559 5547 1588 5606 in
1606 5547 1746 5623 Piprnum
1761 5543 1936 5612 transiens,
1953 5545 2040 5617 utque
2052 5545 2107 5610 ψει

361 5619 542 5690 stemnius
558 5625 712 5688 biatcrieis
727 5623 826 5694 literis
853 5625 1038 5689 mandatum.
1068 5623 1154 5706 (bned
1170 5641 1223 5686 an·
1269 5643 1323 5689 ecs
1336 5633 1521 5706 inminente,
1538 5645 1600 5708 quc
1625 5645 1660 5692 se
1684 5627 1857 5692 Cbilderieu
1882 5619 2108 5686 obstrinxerant,

367 5712 426 5766 tem
443 5704 527 5775 dicit,
551 5706 667 5783 injuste
688 5724 725 5774 no
740 5707 921 5785 sceleratae
937 5707 1079 5784 Zacharia
1102 5707 1222 5784 pcntltl·
1269 5710 1370 5774 soluit.
1387 5709 1474 5782 Quen
1489 5725 1568 5772 sane
1576 5710 1693 5791 justum
1709 5711 1804 5774 luisse
1819 5721 1911 5772 nerun
1936 5717 2028 5788 senae
2039 5707 2111 5764 meu·

363 5801 401 5848 ce
415 5794 445 5848 el
457 5786 562 5864 l’ipino
575 5805 679 5853 return
695 5806 798 5867 regern
823 5789 1016 5853 Francorum·
1030 5804 1127 5870 reguo
1152 5803 1240 5871 spes„
1270 5792 1307 5854 lis
1323 5791 1457 5872 negabit:
1475 5795 1652 5868 praesertim
1664 5809 1735 5856 curn
1757 5798 1884 5857 euentus
1913 5785 2047 5852 decuerit
2058 5793 2114 5871 mu·

366 5870 468 5935 lictum
485 5870 595 5946 inlsnrn
616 5878 676 5942 est,
698 5881 728 5936 ct
750 5874 1006 5937 ccrrtuurelicsnrn
1034 5890 1103 5934 non
1122 5873 1245 5957 solum¹
1271 5874 1414 5938 lotionem
1430 5875 1513 5938 illem
1526 5876 1735 5940 letloisstunrn
1747 5875 1854 5953 irrisam
1868 5883 2032 5947 ¹nurrqurnn
2045 5874 2113 5952 entttt

367 5953 397 6012 in
415 5952 601 6028 pontiileenr.
618 5954 673 6014 sed
689 5960 778 6030 etiem
794 5956 825 6016 in
839 5958 928 6035 reges
944 5956 1108 6027 Galliae,el
1122 5957 1151 6016 in
1168 5956 1227 6017 ime
1271 5973 1397 6038 regnum
1410 5955 1596 6021 Francorum
1609 5959 1764 6037 potentius
1778 5966 1830 6020 aul
1855 5950 1964 6032 religio
1990 5954 2018 6012 in
2034 5944 2113 6039 Galba

367 6042 524 6120 perantes
538 6036 729 6121 dernraniee:
746 6038 964 6115 utricueenim
989 6037 1027 6101 ab
1044 6039 1102 6102 isto
1117 6038 1224 6117 Pipine
1271 6039 1429 6105 lioreulicr
1441 6042 1516 6116 luit,
1547 6056 1638 6120 quarn
1654 6051 1790 6120 ternpore
1814 6035 1913 6120 Pipipi
1929 6039 1961 6098 ci
1975 6030 2074 6104 Curtii,
