4792 7009
1055 577 1153 638 tteee
1173 575 1317 648 QUINTUS
1944 579 1997 638 29!

341 715 538 797 Respondes:
554 716 658 779 batres
672 713 755 796 toqui
780 708 821 779 do
845 714 1011 779 mediatore
1024 715 1162 780 materia·
1207 718 1269 780 tem
1280 715 1389 775 noctem
1400 712 1516 787 cenna,
1530 716 1760 796 propterquod
1775 720 1804 778 et
1815 713 1897 778 bens
1911 715 2069 780 exaltavit

304 804 460 874 liter‚·oon
472 799 649 876 tormalitor;
665 814 727 861 aon
752 799 833 862 edim
859 799 985 873 dieunt,
1009 798 1163 862 dbristnm
1206 796 1312 864 ittam,
1327 803 1355 857 et
1370 797 1458 860 dedit
1471 796 1521 860 itti
1534 811 1652 860 nenton
1665 799 1768 862 etcdd
1782 799 2070 864 nonannoeane

303 885 399 950 tuisse
413 884 613 946 mediatorem
624 881 656 943 in
671 883 806 944 creando
820 881 957 956 mundo,
973 888 1024 944 aaut
1048 882 1082 944 in
1095 883 1165 961 lege
1208 879 1316 942 iesum
1329 887 1461 958 proptor·
1472 880 1660 959 passionem
1671 881 1780 942 mortis
1791 881 1897 960 pieria
1909 888 1937 944 ei
1948 881 2070 946 honore

187 1029 191 1044 ,
307 965 628 1040 dandazseddiount,
646 963 799 1027 dbristum
825 964 1163 1040 mediatorem‚idest‚
1213 967 1413 1024 amoeniam.

306 1051 391 1113 ittam
404 1063 567 1128 personam
579 1061 658 1126 quae
673 1053 778 1126 postea
794 1047 970 1124 iutueaerat
989 1047 1163 1121 mediatrix,
1250 1043 1427 1123 Respondet
1442 1042 1646 1108 Celsinussbis
1662 1044 1845 1108 testimoniis
1860 1047 1961 1110 sotum
1975 1047 2070 1128 signi·

306 1146 377 1196 esse
391 1143 496 1193 reram
510 1131 620 1195 Deum.
637 1135 668 1192 ot
679 1136 833 1192 auctorem
850 1130 966 1205 muudi,
981 1136 1013 1193 et
1031 1131 1122 1209 tegis,
1136 1135 1168 1192 et
1210 1125 1312 1199 beari,
1337 1126 1489 1191 christum
1514 1133 1584 1205 post
1607 1129 1784 1207 passionem
1809 1145 1896 1192 suem
1923 1130 2071 1194 babuisse

307 1213 444 1279 omnium
459 1229 575 1276 rerum.
592 1211 678 1274 liade
700 1211 937 1293 Cbrpsostnmus
957 1228 1107 1292 expresse
1121 1212 1166 1274 di·
1211 1208 1349 1288 gloriam,
1366 1225 1427 1272 raon
1443 1215 1546 1272 eutem
1560 1225 1654 1272 uuum
1666 1209 1761 1272 luisse
1777 1225 1914 1272 caussam
1931 1214 2070 1292 atterius3

187 1358 191 1378 ,
306 1299 358 1372 cit,
376 1295 528 1358 Christum
544 1301 700 1358 auctorem
721 1294 816 1357 tuisse
828 1294 918 1374 tegis,
933 1294 1101 1373 etproiude
1115 1295 1170 1356 ab·
1213 1291 1292 1354 siout
1306 1309 1376 1354 cum
1389 1294 1499 1356 dieitur
1513 1292 1586 1354 Luc.
1605 1294 1658 1354 ult.
1677 1293 1820 1370 tipoeint't
1843 1291 2000 1358 dianetum
2011 1313 2071 1378 pa·

187 1431 190 1442 .
307 1395 416 1460 mgare
430 1378 515 1442 iliam
531 1378 667 1458 potuisse
681 1392 690 1454 3
705 1391 743 1440 cx
758 1393 821 1458 quo
842 1377 1090 1456 sequitur‚eurn
1105 1393 1168 1440 noa
1213 1373 1248 1448 tt,
1266 1375 1812 1455 etsiointeareinploriamsnam.

306 1470 341 1527 ut
355 1460 564 1532 mediatorem,
581 1461 637 1525 sed
659 1465 860 1522 utauetorem
880 1460 1057 1538 primarium
1073 1460 1104 1522 td
1125 1460 1169 1522 le·
1255 1455 1333 1522 Atia
1349 1459 1455 1538 pomis
1470 1460 1560 1522 etiam
1577 1461 1634 1522 iste
1660 1459 1748 1521 locus
1774 1462 1874 1537 potest
1896 1456 2072 1539 significare

307 1545 413 1608 risse:
436 1559 494 1606 nec
509 1543 592 1605 enim
606 1542 754 1605 mediator
781 1549 828 1606 est
851 1547 972 1617 auctor,
990 1557 1047 1606 neo
1069 1545 1170 1622 legem
1214 1554 1356 1602 caussam
1371 1559 1379 1618 3
1392 1547 1440 1602 ost
1453 1541 1559 1616 enim,
1582 1541 1663 1605 acsi
1690 1541 1803 1603 dietum
1818 1547 1924 1604 esset:
1950 1540 2075 1622 Oportet

187 1676 188 1685 .
306 1628 579 1708 abrogarcpoteet,
595 1621 962 1709 antecantamenta
983 1625 1098 1691 ibidem
1113 1628 1170 1690 lu·
1213 1621 1353 1698 undere,
1370 1629 1398 1686 ot
1411 1624 1460 1685 aio
1473 1621 1805 1703 enimpnneobeiado
1818 1639 1879 1686 aon
1892 1631 1965 1688 suut
1978 1627 2076 1690 omni·

187 1746 189 1785 ,
309 1712 453 1791 gostinus
467 1710 552 1780 dicit,
563 1709 715 1772 dbristum
737 1708 941 1785 essencidem
957 1710 1168 1786 mediatorem,
1216 1719 1255 1766 no
1271 1704 1380 1766 sinilia
1395 1705 1451 1770 ista
1464 1707 1543 1768 toea:
1561 1723 1630 1768 aum
1645 1706 1755 1784 Pbttip.
1779 1707 1809 1770 2.
1826 1711 1856 1768 et
1876 1706 1915 1769 ad
1935 1705 2030 1770 Hebr.
2043 1708 2075 1772 2.

187 1826 189 1870 2
299 1792 365 1857 'sed
376 1790 598 1857 mediarointer
614 1774 704 1852 totius
712 1789 890 1853 trinitatem
905 1791 1083 1855 etbomines
1099 1807 1172 1874 poo-
1215 1786 1344 1848 bilheil?
1356 1787 1501 1865 iflrliffltlfl
1515 1788 1659 1868 Prnpten
1676 1803 1755 1868 auae
1771 1788 1917 1870 Ρῑῑῐῑῑθῦῑῦ
1931 1807 2071 1855 θθῦὓὸθῑῐῑ

187 1924 189 1937 .
313 1881 446 1951 calorem
463 1889 500 1935 or
514 1890 575 1953 qnia
590 1875 700 1935 iterum
724 1874 884 1952 sequitur,
912 1890 982 1936 eum
1000 1881 1060 1937 nort
1076 1874 1171 1940 tuisse
1215 1869 1331 1946 ubique
1353 1869 1526 1946 significare
1541 1873 1631 1934 solet.
1648 1871 1766 1934 Deinde
1777 1871 1977 1950 particulam
1990 1875 2019 1936 in
2034 1875 2073 1937 il·

187 1992 188 2031 ;
309 1955 435 2040 proprie
449 1956 660 2032 mediatorem,
678 1958 800 2043 quando
822 1957 898 2025 notit
921 1961 1007 2027 emat
1028 1959 1171 2030 homines
1216 1952 1254 2014 tis
1270 1951 1369 2016 neritis
1384 1952 1517 2031 Propter
1531 1955 1619 2034 guod
1634 1961 1662 2016 ot
1683 1954 1767 2018 Dede
1787 1954 2074 2033 dominaedium,

187 2076 189 2115 t
311 2044 505 2123 peccatores
1067 2053 1071 2058 ’
1217 2036 1612 2114 aperteindieateaussam.
1630 2036 1681 2098 list
1696 2037 1779 2097 enim
1794 2053 1917 2111 sensus,
1937 2037 2079 2104 drentem

1218 2115 1446 2190 obedieutiae,
1462 2123 1491 2180 et
1504 2118 1645 2180 aiebam
1664 2118 1749 2185 Dens
1763 2117 1934 2184 bonornnit
1953 2121 2049 2188 iterna
2065 2141 2073 2185 :

1207 2200 1413 2264 -siouthattb
1440 2200 1487 2264 td.
1505 2207 1574 2280 post
1587 2200 1817 2264 contessionem
1839 2200 1918 2264 Petri
1936 2248 1944 2276 ‚
1961 2203 2034 2266 dicit
2047 2205 2078 2270 ei

652 2285 767 2350 debut
781 2285 835 2351 tx.
1174 2301 1179 2311 ·
1219 2283 1303 2344 bom·
1329 2299 1377 2344 us:
1391 2283 1430 2346 lit
1442 2299 1498 2364 epo
1521 2284 1593 2346 dion
1606 2283 1672 2356 tibi,
1690 2285 1771 2364 quia
1786 2289 1821 2346 tn
1843 2299 1877 2346 ee
1890 2283 2002 2349 Petrus
2018 2293 2075 2354 etc.

1219 2364 1276 2428 ttbt
1316 2368 1502 2448 leronymus:
1518 2366 1704 2444 timendam,
1723 2366 1845 2445 inquit,
1870 2369 1989 2447 recepit
2002 2385 2080 2434 uera

1222 2449 1389 2527 caniano.
1465 2517 1470 2522 ,

1263 2532 1400 2610 lienique
1416 2531 1462 2594 sio
1478 2534 1685 2612 exposuerunt
1697 2545 1806 2594 omnes
1821 2529 1938 2595 Patres.
1951 2531 2080 2614 tlrryso-

1221 2614 1496 2682 stomusbom.'l.in
1509 2615 1640 2694 epistad
1651 2615 2077 2696 ibidemmanebat-,iuquit

1223 2697 1362 2762 citatur
1375 2697 1944 2778 praestitaobediemiampropterea
1957 2701 2080 2779 accepit

349 2775 461 2846 bestat
475 2786 630 2863 postrema
643 2780 782 2860 quaestio
795 2799 804 2859 3
819 2797 859 2844 an
871 2781 1015 2848 videlicet
1038 2783 1178 2850 dunatus
1223 2785 1454 2860 aesopianam
1468 2781 1624 2847 bonorem
1637 2787 1695 2845 eto.
1721 2780 1777 2842 Ubi
1794 2783 1928 2844 bortatur
1949 2779 2079 2862 dbrpso-

400 2493 600 2570 detenditur,
615 2491 775 2589 ditrutam
787 2492 849 2556 sibi
863 2496 960 2586 etiarn
974 2495 1103 2580 niignid

434 2587 439 2597 ·
668 2591 836 2642 menatem.

187 2924 188 2927 ,
317 2865 470 2944 operibus
480 2881 516 2926 ae
530 2864 688 2926 laboribus
703 2862 846 2939 seinana
860 2867 961 2929 solum
976 2865 1068 2930 nobis
1082 2871 1179 2932 omni·
1223 2869 1341 2926 stamus
1358 2865 1395 2926 ad
1411 2861 1616 2938 obedientiam
1642 2870 1673 2926 et
1692 2863 1910 2936 bumilitatem,
1933 2879 2011 2942 quea
2027 2881 2079 2928 ex·

313 2949 379 3014 bus
393 2947 521 3027 gratiam
546 2955 579 3008 et
600 2946 729 3027 gloriam
750 2947 937 3024 acquisierit,
953 2950 1009 3013 sed
1023 2950 1113 3013 etiam
1125 2952 1180 3014 ati·
1222 2945 1351 3010 hortatio
1365 2945 1561 3026 trigidissima
1576 2954 1668 3024 essct,
1687 2947 1714 3010 si
1735 2945 1813 3010 illud
1823 2947 1996 3026 Propterea
2016 2963 2080 3013 non

314 3031 392 3110 quid
405 3029 582 3107 acquisierit
593 3029 664 3091 sibi.
680 3029 715 3090 bt
730 3029 851 3107 quidem
873 3031 1008 3112 tbeologi
1036 3033 1179 3097 doctores
1224 3029 1506 3092 diceretcaussam.
1744 3081 1748 3090 .

315 3113 400 3192 apud
416 3111 593 3192 Magistrum
613 3111 645 3172 ia
660 3110 692 3173 8.
720 3117 800 3174 sent.
825 3112 897 3174 dist.
921 3113 971 3176 18.
993 3117 1179 3180 contenibat
1263 3111 1442 3176 Ambrosius
1455 3112 1488 3174 in
1505 3128 1573 3192 cap.
1589 3113 1619 3176 2.
1636 3111 1880 3192 Philippeia.
1905 3110 2027 3190 inquit,
2050 3119 2080 3177 ei

314 3194 474 3264 intereo,
497 3199 587 3273 amoc
608 3209 670 3256 uuo
689 3207 844 3282 consepsu
870 3195 1002 3271 docent,
1025 3196 1178 3266 ebriatum
1223 3201 1384 3280 qnantum
1397 3195 1563 3258 humilitas
1575 3197 1747 3271 merentur,
1770 3195 1894 3258 ostendi
1908 3201 1965 3257 oto.
1982 3195 2082 3276 tugu-

316 3284 444 3358 praeter
457 3291 493 3339 ee
507 3275 682 3355 bonaquac
695 3278 762 3339 suis
776 3275 933 3340 laboribus
945 3274 1065 3359 peperit
1075 3282 1176 3358 nobis,
1223 3279 1322 3342 stinus
1335 3285 1419 3343 tract.
1439 3277 1508 3351 tit,
1521 3278 1609 3342 into.
1625 3279 1707 3342 buno
1727 3280 1830 3344 locum
1858 3283 2000 3342 tracuus:
2018 3279 2083 3343 lite·

316 3359 473 3424 meruisse
487 3359 650 3422 etiamslbi
664 3359 965 3440 capetianorum,
988 3368 1019 3428 ot
1044 3363 1180 3430 nominis
1222 3362 1354 3435 militas,
1370 3361 1479 3440 inquit,
1496 3361 1653 3425 immtatis
1678 3365 1723 3426 est
1747 3363 1922 3433 muitum,
1949 3360 2082 3426 amadus

318 3442 548 3506 exaltationem.
1223 3443 1412 3508 humititatis
1428 3449 1472 3505 est
1482 3445 1685 3522 praemium,
1700 3445 1759 3508 sed
1772 3445 1831 3506 noo
1844 3443 1967 3520 tactum
1981 3449 2025 3512 eet
2044 3446 2084 3512 in

363 3525 525 3604 Repugnat
538 3523 681 3588 Cainnas
691 3523 1027 3606 libitastiteaplid
1043 3524 1181 3602 idaeae»
1223 3527 1330 3605 faama
1342 3525 1439 3590 semi.
1453 3524 1529 3588 Vide
1541 3529 1631 3590 etiam
1648 3526 1793 3608 cyrillum
1807 3527 1863 3588 lib.
1881 3526 1996 3590 bibes.
2011 3531 2080 3608 cip.

319 3623 409 3680 rere,
423 3606 532 3686 iuquit,
545 3623 591 3670 an
603 3606 666 3670 eidi
678 3608 841 3684 armenii,
855 3609 1179 3689 puadtacinntiom·
1225 3608 1254 3672 2.
1272 3609 1415 3672 Basiliam
1429 3608 1486 3671 lib.
1499 3609 1530 3671 i.
1546 3609 1577 3672 in
1594 3609 1723 3672 dunum.
1749 3609 1953 3689 Augustianos
1977 3607 2032 3672 tib.
2049 3611 2080 3678 2.

321 3689 450 3754 bordne
478 3688 926 3763 asenotnattoiaonmenac
946 3692 1046 3754 sinito
1069 3701 1181 3758 estme-
1225 3693 1444 3755 oont.ltaxim.
1461 3691 1576 3771 napi.
1593 3693 1692 3755 ettib.
1709 3691 1740 3755 3.
1763 3705 1832 3771 cap.
1849 3689 2086 3773 bibeopbpla·

320 3773 577 3850 masticandum
591 3774 766 3834 lemnario
779 3772 935 3850 definitio,
952 3774 1010 3836 adi
1023 3775 1082 3840 boc
1094 3777 1184 3842 idem
1225 3782 1320 3851 otum,
1336 3773 1581 3850 oecumenium,
1598 3773 1800 3850 tricassium,
1822 3773 1948 3851 Badera,
1974 3775 2084 3838 Auset-

317 3859 485 3918 noseennt.
497 3851 672 3929 Quidenim
682 3870 763 3932 opus
773 3854 1183 3931 teeadeamndereonicom
1225 3873 1308 3920 mum
1323 3862 1354 3920 et
1367 3857 1445 3920 alios
1457 3856 1488 3918 iu
1504 3857 1580 3919 baca
1594 3857 1674 3919 loca.
1687 3856 1802 3920 Omnes
1817 3856 1900 3920 euim
1917 3872 1955 3919 ex
1978 3858 2028 3922 bis
2042 3859 2086 3922 lo·

318 3937 384 4002 Dei
404 3935 538 4013 Filium,
552 3935 858 4016 mandanarum
878 3939 1182 4019 qaidqaanaaete
1226 3939 1454 4020 oisootligunt‚
1472 3937 1625 4002 Christum
1651 3939 1804 4004 meruisse
1826 3939 1995 4003 bumilitate
2022 3941 2087 4021 glo·

316 4019 548 4088 Eteoneitinm
560 4033 657 4082 enum
670 4034 837 4096 monens
850 4021 1076 4093 vocemmeam
1089 4024 1181 4090 dnbi-
1228 4023 1317 4094 riam,
1333 4039 1393 4085 non
1408 4023 1507 4085 sotum
1522 4021 1631 4098 nobis,
1657 4021 1711 4084 sed
1734 4019 1825 4090 etiam
1850 4022 1923 4084 stbt.
1945 4021 1982 4084 Et
2002 4028 2085 4086 certo

319 4103 483 4166 tat-ionem
497 4103 626 4164 coenni
641 4100 713 4166 aaa
723 4102 814 4181 enirn
824 4103 903 4166 Filii
924 4106 1058 4168 utilitati
1071 4122 1184 4171 conon·
1229 4107 1321 4185 longe
1338 4104 1428 4168 totius
1442 4111 1500 4179 est,
1516 4109 1560 4166 tot
1574 4111 1693 4168 veteres
1707 4104 1828 4180 Patres,
1851 4117 1979 4184 macons
2001 4111 2032 4167 et
2042 4106 2086 4168 la·

321 4184 426 4246 inisse
440 4183 562 4246 dicitnr
576 4183 671 4250 Pater
681 4185 720 4247 in
733 4183 802 4267 eine
815 4188 949 4260 maiae,
965 4189 1023 4252 sed
1036 4203 1111 4252 anm
1122 4195 1185 4253 tra·
1230 4191 1312 4251 unas
1322 4186 1354 4249 in
1370 4187 1593 4267 Scripturarum
1608 4185 1808 4266 explicatione
1824 4187 2018 4268 scqui‚quem
2033 4203 2087 4251 uo·

319 4267 413 4329 diseo
427 4265 466 4328 in
478 4272 624 4340 nuttam,
639 4281 744 4347 mono
754 4268 982 4347 eipepercicae,
999 4272 1184 4352 paiamna·
1229 4271 1325 4334 scitos
1339 4268 1415 4333 istos
1437 4271 1644 4350 doctores,qui
1660 4284 1721 4332 nou
1736 4269 1877 4332 videntur
1888 4269 1948 4333 sibi
1964 4285 2085 4348 sapere,

319 4350 406 4412 dum
419 4348 618 4426 ditiperettit
628 4351 794 4413 notandae
807 4359 884 4414 eant
897 4353 1098 4434 laminitaneo
1109 4371 1185 4434 pro·
1229 4352 1289 4418 nisi
1304 4353 1446 4416 omnibus
1457 4351 1839 4419 oonuadtoantt’raeterea
1854 4358 1901 4415 ost
1914 4352 2005 4418 etiam
2016 4367 2089 4416 con·

320 4431 487 4512 poeticae:
501 4431 588 4495 Puer
599 4439 698 4495 natue
712 4439 757 4494 eet
777 4434 881 4498 nome.
897 4436 989 4498 itam.-
1012 4437 1138 4501 Emoda
1149 4437 1186 4518 it·
1230 4436 1369 4516 poentio
1384 4435 1521 4499 rationis:
1544 4451 1614 4498 nem
1640 4434 1752 4498 metius
1774 4440 1843 4510 eet,
1860 4435 1990 4500 caeteris
2006 4436 2085 4516 pari·

320 4513 480 4588 lieston,
497 4530 567 4578 ecoe
578 4532 641 4579 eea
656 4522 731 4578 tutes
751 4519 838 4580 uenit
849 4517 916 4581 tibi:
930 4518 1074 4599 eriperet
1088 4523 1187 4584 etiam
1230 4519 1309 4586 bus.
1325 4519 1440 4598 aliquid
1456 4533 1492 4580 ex
1504 4519 1611 4581 merito
1624 4518 1750 4594 babere,
1767 4533 1859 4598 quam
1881 4519 1950 4582 sine
1965 4519 2085 4583 merito.

321 4595 458 4676 alioqui
472 4596 673 4675 nonientana
687 4599 748 4660 itin
761 4603 881 4664 ammio
898 4647 906 4674 ,
936 4617 1037 4683 paam
1062 4604 1185 4668 tanim
1272 4599 1304 4664 st
1319 4601 1415 4665 diease
1432 4615 1525 4682 quare
1540 4613 1613 4682 crgo
1628 4617 1690 4665 non
1706 4601 1794 4664 etiem
1801 4599 1978 4748 &meamet
1989 4601 2088 4665 solen·

321 4680 512 4748 oontertdni,
525 4683 613 4760 qnod
635 4681 776 4744 christeta
798 4699 859 4761 pro
885 4685 1028 4748 inimicia
1051 4691 1185 4750 moriem
1229 4683 1313 4754 llam.
1330 4689 1360 4747 et
1374 4683 1502 4765 gloriam
1526 4684 1646 4748 animae
1670 4683 1776 4748 babuit
1825 4684 1940 4748 hristus
1962 4699 2000 4748 ex
2023 4699 2088 4754 mo·

318 4761 562 4829 enneminta
576 4764 675 4827 etiam
688 4764 866 4844 callipimus
879 4769 1039 4834 raimone
1049 4771 1185 4834 cainan
1230 4766 1316 4830 citat

320 4841 492 4920 hadamar
506 4845 605 4924 idone
619 4847 705 4910 otum
720 4847 870 4928 affirment,
883 4849 1015 4913 dicerem
1037 4850 1099 4915 Pro
1119 4853 1185 4916 iiiia
1271 4849 1448 4928 Respondet
1467 4849 1508 4913 b.»
1522 4849 1653 4914 'ihomas
1668 4847 1699 4913 3.
1715 4853 1792 4930 pert.
1819 4851 1939 4930 quaest.
1957 4846 2007 4912 ttt.
2029 4855 2085 4916 nrt.

322 4924 496 5004 sanctifica
511 4930 681 5010 meipsum.
704 4930 742 4993 Se
755 4932 850 4994 etiam
861 4932 945 5005 aiiii
959 4935 1128 5014 acquirere
1142 4940 1185 4998 te·
1231 4931 1261 4994 o.
1275 4930 1429 5002 Christum
1444 4933 1589 4997 debuisse
1611 4932 1724 5010 babere
1740 4932 1841 5012 omnia
1854 4929 1970 5011 optimo
1983 4931 2089 4996 modo:

320 5010 652 5089 statur.qniinentum
663 5015 841 5077 sanctitatis
851 5029 931 5077 snae
941 5017 979 5079 in
990 5017 1071 5080 aiios
1083 5023 1186 5085 traaa-
1231 5021 1301 5076 suut
1315 5020 1416 5082 autera
1438 5015 1587 5098 quaedam
1601 5015 1682 5078 bona
1697 5020 1758 5078 tam
1773 5011 1964 5089 excellentia,
1979 5019 2011 5076 ut
2027 5029 2091 5079 me·

321 5094 402 5170 sert.
418 5091 553 5155 Etoertc
581 5094 639 5158 aaa
663 5097 808 5160 mamilae
832 5097 969 5176 dipnnm
996 5099 1185 5173 niceronta,
1231 5097 1292 5160 tius
1306 5097 1346 5160 sit
1360 5098 1422 5161 iltis
1438 5115 1594 5179 nunquam
1621 5113 1742 5170 cerere,
1766 5113 1858 5178 quem
1876 5112 1911 5158 ea
1933 5096 2091 5176 acquirere

322 5173 421 5256 qaod
435 5173 585 5247 ditrictae,
600 5182 637 5239 nt
649 5193 682 5240 ae
697 5183 797 5242 tatum
811 5180 976 5243 addiceret
994 5181 1032 5245 in
1051 5183 1189 5248 satutem
1234 5197 1272 5245 ort
1288 5179 1407 5256 merito,
1424 5182 1494 5262 quia
1510 5181 1606 5260 magis
1621 5179 1751 5243 detrabit
1766 5177 1944 5260 perfectioni
1958 5179 2090 5261 alicujus

324 5262 489 5331 nostram,
506 5260 744 5338 quodammodo
755 5263 808 5324 ani
821 5262 937 5326 additare
952 5269 1007 5326 est.
1024 5263 1105 5328 Haec
1122 5266 1188 5330 itte.
1234 5263 1366 5330 carentia
1380 5263 1501 5330 illorum
1516 5263 1553 5330 ed
1568 5267 1701 5344 tempus,
1718 5279 1810 5348 quem
1823 5261 1955 5342 dignitas
1969 5276 2089 5330 meren·

324 5340 365 5400 Et
383 5339 474 5417 paulo
490 5339 578 5429 inira:
599 5339 717 5417 Qettdns
731 5345 977 5427 meritirinqait,
991 5348 1119 5428 neeepni
1130 5363 1189 5428 po·
1235 5345 1277 5424 di;
1294 5351 1324 5410 et
1340 5353 1440 5409 tamen
1456 5361 1517 5409 non
1533 5351 1634 5426 potest
1662 5345 1732 5426 quis
1755 5361 1789 5409 ea
1806 5343 1932 5420 mereri,
1959 5344 2017 5406 nisi
2034 5347 2088 5410 ali·

323 5420 518 5497 initiante,
540 5423 690 5503 aliodem
700 5431 778 5488 esaei
790 5429 906 5490 mnndi
919 5477 928 5504 ‚
941 5434 1040 5509 capnt
1060 5431 1190 5512 nepeta·
1235 5429 1356 5510 quando
1370 5429 1554 5494 iliiscareat.
1581 5427 1616 5490 lli
1636 5429 1706 5495 ialin
1736 5433 1807 5496 sunt
1834 5427 1944 5506 gratia,
1969 5427 2086 5508 gloria,

217 5531 221 5538 ·
324 5520 421 5576 retem
434 5507 1109 5591 atqueatpctiretnreannaDatmpniot
1236 5511 1408 5586 salentiaci
1423 5511 1589 5591 praecipuo
1602 5511 1675 5576 unio
1692 5510 1972 5592 hypostaticaquae
1987 5512 2090 5582 omnia

375 5584 460 5648 Haec
475 5593 573 5650 nmen
591 5589 666 5651 nibil
683 5591 850 5671 impedient
868 5593 1035 5657 veritatem.
1052 5595 1188 5664 illelmus
1235 5591 1371 5655 cbristus
1386 5594 1423 5655 ab
1438 5594 1525 5658 initio
1540 5593 1656 5658 babuit.
1673 5593 1706 5655 tlt
1717 5592 1812 5674 glorie
1828 5591 1974 5672 eorporis,
1989 5597 2019 5660 et
2035 5611 2088 5658 nc-

327 5684 423 5749 ergo,
439 5667 590 5734 Christum
602 5673 750 5736 meruisse
761 5675 819 5738 sibi
833 5674 884 5739 itia
898 5677 996 5738 omnia
1032 5693 1086 5741 nee
1102 5692 1189 5739 aceo·
1236 5673 1325 5736 minis
1341 5675 1479 5740 extillatio
1495 5675 1720 5751 minorasunt,
1748 5691 1840 5755 quem
1865 5675 1931 5761 ipse
1957 5675 2089 5756 dignitas

329 5752 380 5832 pit
396 5758 476 5845 post·
489 5755 662 5832 passionem
687 5773 785 5820 suam.
807 5757 843 5820 tlt
861 5695 1077 5836 probatarffice
1091 5759 1191 5838 primo
1237 5757 1434 5832 menendici
1460 5758 1531 5822 ideo
1553 5758 1663 5822 melius
1686 5757 1743 5825 tuit
1757 5772 1861 5822 carcre
1884 5757 1945 5821 iltis
1960 5759 1997 5820 ad
2014 5765 2090 5828 tem·

330 5849 494 5914 expressos
510 5835 687 5916 Scriptnris.
702 5839 746 5901 bd
758 5839 869 5921 Philip.
898 5841 928 5902 2.
942 5841 1131 5904 tinneiiicntt
1144 5857 1195 5904 se·⁸
1239 5855 1307 5920 pus,
1325 5845 1354 5902 et
1369 5855 1405 5904 ex
1417 5841 1525 5905 merito
1541 5841 1592 5904 illa
1616 5842 1796 5923 acquirere,
1812 5855 1903 5922 quem
1929 5857 2030 5908 cerere
2043 5845 2087 5907 di·

328 5916 622 5998 metipsnmiaotne
637 5919 786 5986 obediens
797 5939 898 6006 repete
911 5923 955 5986 nd
966 5928 1195 6003 mereamor·
1240 5924 1352 6006 gnitate
1366 5921 1515 5988 merendi.
1803 6002 1842 6069 38

1843 6009 1859 6045 Ι

1844 6287 1847 6294 ‚
1858 6267 1869 6300 Ι
