4792 7009
1041 656 1137 717 titini
1156 656 1308 727 QUARTUS
1927 662 1979 720 its

200 864 202 881 ,
287 795 391 859 monn
403 794 569 869 uocabulo,
584 788 789 870 ipsaspotim
800 788 883 853 datus
895 794 1043 867 naturam
1055 794 1148 862 idest.
1195 791 1349 864 incudem
1364 792 1496 856 bumana
1512 799 1628 869 natatu
1643 794 1764 875 quaein
1776 794 1867 858 nabis
1877 810 1915 856 er
1927 802 2052 874 peccato

200 898 202 909 ¹
286 877 482 941 diuinitatis.
511 886 539 942 et
554 876 663 941 amnas
678 878 862 952 assumptae
880 872 918 938 in
930 888 1152 953 unaparsoua
1195 874 1401 951 inveniuntur,
1417 877 1544 957 quadiu
1560 877 2053 958 Cirristcaaaiuit.Scdipsarcr·

200 990 201 1041 3
285 962 454 1039 rmipeutti
467 962 545 1025 Filii
558 960 615 1023 hei
628 956 732 1027 Patris
746 954 926 1031 incuriose,
938 956 1088 1021 indiuisa.
1105 968 1151 1023 at·
1194 956 1234 1019 ba
1249 974 1275 1019 s.
1291 958 1410 1020 hanimi
1424 958 1644 1022 adscribamus.

284 1057 356 1120 que
378 1042 663 1109 inconvertibiliter
684 1038 852 1103 uirbiscum
873 1040 1065 1115 praedicare
1077 1059 1150 1119 pru·
1235 1040 1378 1118 Pyrrhus.
1394 1041 1627 1117 Quidtuhabes
1638 1044 2052 1123 padresponamsaeito-

283 1127 369 1201 pria
383 1136 564 1205 operantes.
591 1127 672 1188 iieco
686 1122 742 1201 ibi;
758 1137 837 1200 qaae
852 1125 934 1183 certe
949 1124 1071 1185 nonnisi
1088 1126 1150 1188 iau·
1193 1123 1361 1202 armanni
1374 1124 1474 1187 literis
1487 1127 1653 1203 suisques
1668 1127 1712 1187 ad
1722 1126 2054 1205 Serpiumsuperiari·

200 1204 201 1239 ³
283 1207 355 1268 dari
372 1218 524 1287 possunt.
1084 1248 1086 1255 ,
1195 1202 2054 1286 bustempcrihnsscripsituniaamplaueuoluminum

330 1290 367 1350 dt
383 1292 471 1367 penio
485 1292 562 1354 inira
578 1295 681 1368 aperte
696 1286 850 1365 praedicat
864 1301 955 1347 unam
970 1290 1084 1373 tantum
1099 1286 1148 1351 vo·¹
1192 1285 1517 1352 maturescentes
1530 1290 1814 1368 Cleristiprotessus
1829 1291 2049 1354 estiiiaruuus.

200 1380 201 1405 l
282 1370 435 1435 luntatem
451 1377 499 1437 iris
514 1375 627 1436 uerbis.
644 1371 730 1433 Unde
742 1374 771 1431 ct
779 1378 883 1431 unum
892 1369 1090 1433 uoluntatem
1100 1373 1148 1447 fa·
1195 1368 1397 1435 iltrahcrum
1408 1374 1577 1437 literarum
1588 1373 2052 1452 coruncaniorquetmemre-

200 1470 201 1491 ³
283 1456 649 1520 temrrrtlomininostri
661 1454 737 1515 lesu
754 1452 877 1514 Christi.
894 1451 1087 1529 Respondes:
1105 1456 1147 1517 lic
1193 1445 1270 1515 totio
1282 1454 1433 1519 habenda
1444 1458 1616 1536 crispiano
1629 1456 1764 1529 scribae,
1782 1456 1981 1535 quinomine
1992 1458 2052 1518 lto-

282 1535 360 1599 lccc
384 1540 552 1601 lionorium
577 1540 736 1615 loquutum
763 1550 833 1598 esse
849 1535 947 1595 scium
963 1538 1002 1595 de
1017 1535 1147 1599 bumana
1191 1537 2052 1617 nomiillusseripsttpraucrtimeumidemudhuesu-

277 1626 405 1693 nniam,
429 1640 466 1682 ac
481 1623 584 1684 dicero
600 1622 744 1681 relisisse:
771 1632 832 1678 noa
849 1616 945 1679 icisse
971 1617 1002 1677 in
1023 1618 1145 1683 homine
1188 1625 1308 1695 perstas
1321 1621 1544 1699 sitomnisque
1556 1621 1873 1698 oirtrutusptendare
1886 1622 2052 1699 etrelipio-

283 1700 409 1767 Christo
434 1706 510 1765 duas
526 1709 696 1784 pugnantes
721 1700 902 1773 voluntates,
924 1714 1015 1761 urtam
1032 1703 1144 1777 corruis,
1189 1700 1242 1761 nis
1254 1702 1838 1781 discipl-inuncansoccidentispartes
1854 1704 1992 1779 orneris
2005 1721 2052 1769 an

281 1784 565 1866 alteramspiriius3
581 1787 636 1847 sed
652 1788 884 1852 apamiarum,
901 1782 1045 1845 nimirum
1056 1787 1145 1862 spiri·
1192 1786 1618 1862 eorstcutinopolitanarcm
1642 1787 1774 1850 oinium.
1801 1786 1859 1865 qui
1876 1786 1970 1858 nihil,
1986 1788 2053 1849 nisi

200 1902 202 1907 -
281 1871 350 1929 tus:
375 1884 448 1931 caru
474 1870 555 1931 enirn
581 1870 612 1929 iu
639 1866 758 1929 Christo
774 1864 850 1926 niirii
865 1864 1004 1925 absolute
1020 1868 1143 1942 petebat
1192 1868 1280 1943 qoud
1292 1866 1373 1943 ipsis
1387 1867 1471 1938 libet,
1488 1869 1691 1947 hquunturl
1704 1866 1847 1946 Pyrrhus.
1866 1868 2051 1944 lamereias

200 1950 203 1977 ³
281 1951 566 2013 coniurationem.
592 1950 1028 2012 Huncautamcssementenr
1044 1948 1146 2013 chc·
1190 1950 1250 2027 qui
1261 1951 1399 2027 scripsit.
1411 1950 1572 2011 dioximus.-
1589 1952 1958 2028 ltisadimperatorem
1972 1950 2049 2014 Cun-

280 2031 336 2105 rii,
361 2034 486 2112 pianum
509 2032 748 2101 enarratione,
765 2046 855 2109 quarn
869 2029 980 2107 reddit3
1003 2032 1048 2093 sic
1063 2036 1144 2098 cuim
1189 2033 1369 2094 stautinum
1382 2034 1482 2095 sicde
1495 2032 1555 2093 ilia
1566 2034 1710 2111 episima.
1717 2032 2051 2112 p'ussulouunispon-

281 2114 339 2174 ait:
369 2115 455 2179 Unde
481 2122 511 2178 ct
533 2132 637 2178 uuam
656 2114 852 2176 uoluntatem
864 2112 1006 2190 fatemur
1019 2116 1146 2179 bomini
1187 2111 1293 2191 iiheiu,
1316 2114 1454 2194 scripsit.
1481 2114 1569 2177 Sene
1589 2117 1794 2193 amatunam
1807 2111 2053 2179 Domininostri

280 2198 389 2259 nostri
401 2198 478 2261 iesu
493 2198 621 2269 Christi,
637 2193 864 2277 quiaprasecto
880 2212 902 2256 a
916 2196 1083 2260 diuinitate
1095 2216 1144 2261 as·
1187 2198 1386 2260 uoluntatem
1398 2198 1558 2270 diximus,
1570 2214 1639 2261 nort
1650 2203 1694 2259 est
1703 2198 1941 2274 accipiundum.
1955 2202 2052 2276 quasi

281 2286 415 2357 sumpta
439 2286 484 2343 est
498 2282 601 2344 nostri
612 2284 745 2349 natura,
761 2294 829 2341 uon
843 2278 955 2355 culpa,-
966 2279 1028 2340 illa
1038 2282 1119 2358 pros
1135 2314 1143 2327 ·
1189 2281 1229 2341 de
1253 2280 1382 2342 duahrts
1397 2282 1530 2343 diciom
1544 2285 1575 2341 et
1586 2280 1752 2343 hnmanae
1770 2286 1912 2341 naturae
1926 2280 2048 2343 dutum

282 2368 348 2434 ato,
362 2367 1145 2447 qumantepeccatumcreotccstncuqunepost
1187 2362 1415 2437 uoluntatibus,
1441 2362 1500 2424 sed
1522 2362 1687 2425 hnmanae
1712 2367 1849 2422 cerotum.
1868 2362 1947 2424 Cum
1960 2365 2048 2427 euim

278 2448 600 2521 praeuaricationem
611 2445 738 2507 inlicta.
760 2444 842 2505 Haec
855 2442 930 2505 ratio
945 2445 1026 2505 nutia
1043 2453 1100 2517 est,
1117 2450 1142 2508 si
1189 2444 1320 2521 Serpius
1334 2446 1523 2524 scripsisset,
1534 2446 1727 2523 praeduare
1737 2446 1897 2523 quosdam
1908 2445 1992 2507 duas
2003 2462 2049 2507 es-

200 2544 203 2571 ι
282 2527 437 2589 adteratur
451 2530 487 2589 ad
503 2528 706 2608 probandum,
723 2527 756 2587 in
772 2524 891 2597 Christo
905 2525 967 2586 ilco
980 2528 1143 2593 ethomiuc
1185 2544 1221 2589 sc
1234 2528 1533 2591 Ghrhtinoluntates
1540 2528 1802 2590 marcomannos
1812 2528 2047 2603 rescripsimus,

280 2624 376 2671 unam
391 2617 506 2671 tautum
521 2626 591 2672 esse
606 2610 803 2672 voluntatem:
820 2607 1029 2691 efficacissima
1042 2618 1141 2673 autern
1188 2610 1349 2673 Christum
1361 2612 1634 2674 duascoluntates
1646 2610 1827 2672 contrarias
1836 2624 1906 2671 nou
1916 2608 2046 2673 hahere.

282 2697 345 2763 cst,
372 2690 396 2753 si
413 2694 485 2755 inde
500 2693 688 2771 probandum
705 2691 756 2761 sit,
782 2706 844 2753 non
859 2691 955 2753 inisse
976 2692 1007 2753 ia
1024 2692 1142 2757 Christo
1228 2694 1378 2771 benique,
1394 2710 1465 2756 cum
1476 2693 1511 2755 in
1526 2698 1584 2755 tota
1600 2693 1729 2772 epistola
1751 2691 1904 2757 lincurius
1919 2700 2047 2755 cauten-

280 2774 410 2837 homine
425 2776 592 2840 contrarias
606 2774 775 2835 uoluntates
786 2772 886 2834 urnis
898 2780 929 2835 cl
939 2774 1025 2850 spirit
1050 2792 1077 2859 i?
1092 2778 1142 2841 itta
1189 2775 1252 2849 dut,
1267 2791 1330 2837 ucu
1344 2792 1415 2839 esse
1429 2777 1591 2839 urendam
1615 2776 1647 2837 iu
1662 2774 1782 2845 christo
1795 2772 1860 2838 lica
1875 2780 1906 2834 et
1919 2774 2044 2839 hanina

200 2864 202 2905 i
283 2856 369 2917 enim
384 2858 581 2919 contrarietas
597 2872 634 2918 ex
647 2860 774 2934 peccata
785 2861 853 2917 nata
865 2862 922 2919 cst:
936 2856 1004 2918 tihr'
1087 2876 1140 2922 au·
1187 2856 2046 2935 anam,neoduasrquntstes3quamodoipsesuiobii·

278 2944 345 3001 tem
360 2940 428 3001 sinc
443 2944 568 3017 peccata
583 2940 746 3001 humanam
760 2938 853 2999 habet
866 2944 1014 3003 naturam.
1186 2948 1236 3002 tus
1251 2947 1310 3003 tarn
1324 2949 1429 3019 aperte
1444 2956 1534 3003 uuam
1548 2940 1708 3003 fateretur?
1719 2956 1780 2999 acu
1793 2938 1884 3015 igitur
1895 2955 1986 3000 uuam
1998 2954 2046 3002 es-

327 3020 456 3096 Deinde,
484 3023 553 3100 qnia
577 3018 694 3099 poterat
717 3021 827 3099 aliquis
852 3021 986 3099 abjicere
1008 3022 1058 3085 iiia
1073 3016 1140 3085 ioca
1185 3040 1222 3085 sa
1232 3024 1311 3085 dixit
1321 3023 1380 3086 lici
1396 3031 1427 3086 et
1441 3023 1587 3100 homiais3
1602 3024 1658 3085 scd
1673 3036 1765 3083 uuam
1778 3021 1878 3082 solius
1899 3021 2044 3098 hominis,

279 3102 443 3183 evangeiii:
460 3103 530 3167 Non
542 3104 735 3185 armiscara
748 3102 944 3167 uoluntatem
956 3118 1074 3169 meam.
1091 3108 1139 3169 lit:
1186 3112 1220 3167 ut
1234 3106 1368 3168 etrcrba
1383 3107 1553 3185 sequentia,
1570 3111 1601 3167 ct
1612 3104 1800 3167 secretarius·
1812 3108 1970 3166 testantur.
1987 3104 2044 3165 Ha·

277 3200 351 3247 nau
373 3188 462 3264 quad
487 3202 544 3263 epo
567 3187 651 3258 colo,
677 3186 735 3248 scd
759 3187 846 3267 quod
871 3192 917 3260 tu3
944 3186 994 3247 ubi
1010 3189 1138 3257 uidetur,
1184 3185 2043 3267 bernusigitur‚iaips'isepistulis'uuliuurasscerrorem.

200 3308 201 3323 .
282 3266 423 3331 Christus
448 3274 482 3329 ut
496 3269 600 3343 hamc,
616 3267 762 3331 habuisse
777 3268 941 3330 contrarias
957 3270 1137 3345 voluntates,
1224 3270 1271 3333 dd
1285 3272 1454 3333 secundum
1480 3271 1561 3332 dico:
1587 3270 1661 3332 Sine
1674 3268 1768 3329 dubio
1792 3266 1917 3329 Houorii
1932 3284 2045 3331 nornen

200 3362 201 3373 ¹
281 3348 548 3421 nimiram‚uarm
563 3349 1139 3431 maiam,quaraiebatncnputi,uitu
1183 3351 1266 3415 inter
1290 3351 1871 3431 cas‚‘quidamnauinraibsyncdo,
1894 3349 2043 3415 insertum

277 3433 481 3509 cambonem,
499 3432 1139 3511 aaarcicbatnouimpieripricrerniliam
1183 3450 1255 3497 esse
1278 3434 1319 3497 ab
1344 3436 1474 3497 aemulis
1497 3450 1642 3496 romanae
1664 3432 1833 3501 Ecclesiae·
1858 3438 1890 3493 et
1904 3433 2043 3497 similiter

281 3516 469 3577 voluntatem
495 3530 592 3591 suam,
620 3516 676 3577 sad
701 3516 822 3593 impleri
844 3517 1037 3589 contrarium,
1061 3534 1139 3596 quae
1183 3516 1332 3594 quidquid
1358 3517 1440 3579 aliud
1463 3517 1508 3579 ibi
1528 3518 1757 3578 diciturcontra
1772 3513 1950 3579 Honoriutn.
1976 3515 2041 3579 Hoc

276 3605 345 3659 crat
360 3599 526 3659 caatcrmis
541 3596 596 3660 liai
610 3598 765 3660 volantati.
782 3598 960 3675 Respondet
984 3599 1138 3663 Honorius
1182 3601 1280 3677 probo
1296 3600 1416 3680 primo:
1445 3600 1515 3677 qaia
1530 3600 1590 3661 boc
1605 3604 1729 3660 testatur
1743 3596 1917 3657 Anastasius
1933 3598 2041 3659 biblia·

281 3681 377 3756 pauio
393 3680 481 3741 iutra:
498 3682 565 3745 Est.
579 3681 688 3760 inquit,
703 3683 871 3758 scriptum:
886 3680 956 3743 Nau
968 3684 1044 3744 neni
1056 3684 1140 3758 sace·
1183 3682 1338 3745 thecarius
1351 3684 1383 3743 in
1398 3682 1470 3744 hist.
1485 3698 1590 3744 sares
1604 3681 1790 3759 Tircopirane
1801 3679 1906 3741 Isaura
1917 3697 2039 3758 graeco.

275 3779 315 3824 re
328 3764 526 3825 uoluntatem
538 3775 655 3832 meam,
671 3764 729 3825 sed
742 3764 822 3844 ejus,
839 3766 898 3843 qui
907 3765 994 3825 misit
1003 3780 1065 3834 me,
1078 3766 1139 3829 Pa·
1212 3764 1383 3840 bacanda,
1409 3764 1479 3841 quia
1495 3772 1559 3825 erat
1573 3763 1764 3825 ccrrmetudo
1779 3760 1962 3823 Graecorum
1978 3765 2041 3825 iere

276 3847 349 3912 tris,
366 3851 407 3918 et,
420 3845 490 3907 Nou
500 3848 589 3923 meod
599 3862 656 3921 epo
667 3846 748 3919 caio,
761 3846 819 3907 sed
830 3848 917 3925 quod
928 3854 962 3907 tu
972 3848 1020 3910 tis
1031 3848 1137 3924 Pater,
1182 3846 1333 3909 ordinaria
1348 3846 1563 3925 corrumpendi
1579 3846 1685 3907 libros
1703 3846 1774 3904 darn
1788 3844 1836 3921 (nt
1850 3844 1994 3922 diximus)
2010 3847 2041 3908 in

277 3932 310 3988 et
325 3927 393 4005 aliu
407 3927 603 4005 brummout.
618 3929 686 3989 Non
695 3935 771 3989 sunt
781 3929 860 3990 ltaec
871 3930 1016 3991 diuersae
1027 3932 1138 3995 colun-
1181 3928 1241 3991 bac
1253 3930 1332 4009 ipsa
1347 3930 1395 3990 vi.
1416 3931 1546 4009 synodo,
1562 3928 1689 3989 aci-ii.
1707 3934 1737 3986 ct
1752 3926 1802 3987 it.
1827 3926 2042 4001 deprehende·

277 4010 366 4084 tatis,
382 4010 439 4071 sed
451 4011 703 4088 dispensationis
717 4010 929 4074 humanitatis
943 4020 1136 4091 assumptae.
1182 4017 1254 4073 runt
1276 4013 1424 4090 plurimas
1439 4012 1651 4088 corruptiones
1672 4010 1711 4069 ab
1727 4007 1887 4069 haereticis
1903 4009 1994 4069 intas
2009 4012 2040 4071 iu

275 4093 347 4155 Ista
373 4095 462 4154 enim
482 4100 613 4171 propter
636 4108 695 4154 uos
711 4094 897 4167 dictasunt,
919 4094 1034 4173 quihus
1050 4098 1138 4159 dedit
1181 4094 1377 4157 indocilis.
1404 4095 1440 4154 lit
1455 4094 1561 4155 hocin
1576 4094 1666 4171 epist.
1682 4091 1734 4153 83.
1755 4091 1791 4151 ud
1807 4090 1950 4151 Paicstiu.
1967 4108 2040 4151 cuu-

277 4175 477 4252 emetnplum‚
493 4182 530 4237 ut
542 4188 717 4253 sequantur
729 4177 864 4255 uostipia
878 4176 958 4254 ejtts.
981 4178 1055 4255 pius
1068 4194 1137 4239 rna·
1182 4178 1372 4253 anacirardo
1388 4176 1532 4251 craecis„
1544 4174 1627 4253 qrrod
1643 4174 1801 4252 epistotam
1817 4190 1904 4233 suurn
1919 4175 1957 4233 ad
1972 4174 2039 4235 Fla-

275 4257 729 4335 pisterdiscipulosimhuens
741 4265 854 4321 utnon
862 4262 1136 4339 suamrmusquis·
1181 4260 1314 4332 sianum,
1336 4276 1371 4323 se
1386 4261 1487 4321 adbuc
1501 4260 1631 4326 virente.
1647 4257 1848 4334 corruperint.
1877 4256 2040 4333 Gregorius

276 4346 507 4416 aucmentum,
519 4342 693 4418 sedpotius
704 4340 1032 4405 Dominiinamnibus
1043 4360 1136 4423 prae-
1182 4341 1236 4403 lib.
1252 4342 1283 4405 5.
1299 4343 1391 4425 epist.
1409 4342 1458 4403 ti.
1475 4341 1511 4403 ad
1527 4340 1665 4421 domem.
1692 4341 1812 4403 asserit.
1830 4339 2038 4400 constantino·

275 4421 362 4497 seren
375 4422 584 4483 uoluntatem:
595 4425 652 4485 bac
664 4429 787 4495 astrion
799 4424 904 4487 hebuit
916 4423 1052 4487 Christus
1063 4442 1135 4487 can·
1181 4425 1334 4501 politanus
1347 4425 1522 4504 corrupisse
1537 4424 1687 4502 synodum
1703 4422 1992 4490 ehatccdcn'euscrn,
2009 4429 2041 4483 et

274 4502 383 4564 trarias
397 4504 577 4577 voluntates,
595 4506 681 4567 ita'ut
696 4520 774 4583 opus
789 4506 833 4567 iili
849 4507 949 4585 tuerit,
966 4524 1055 4570 unam
1072 4509 1134 4580 vini
1179 4506 1264 4569 idem
1287 4524 1322 4570 se
1336 4509 1486 4587 suspicari
1515 4507 1555 4569 dc
1570 4506 1729 4584 ephesina.
1756 4502 1793 4563 Et
1806 4504 1899 4575 addit,
1914 4504 2039 4568 codices

274 4600 349 4647 cere
364 4602 400 4647 ac
414 4588 607 4649 munificare:
630 4588 900 4667 sectaremini,
917 4606 954 4651 ac
967 4591 993 4652 si
1009 4591 1136 4653 baberet
1180 4590 1382 4653 Romanorum
1407 4591 1499 4669 longe
1520 4604 1590 4650 csse
1604 4587 1787 4650 veraciores.
1804 4602 1892 4662 quam
1910 4585 2038 4646 Graeco·
2146 4648 2149 4655 ,

274 4667 632 4742 contrariasrcluntatcs,
642 4676 677 4732 ut
687 4685 745 4732 nos
756 4670 863 4733 doceat
874 4672 1054 4735 mortificare
1066 4690 1134 4751 pra·
1179 4686 1265 4740 rum.
1280 4670 1449 4748 Quoniam,
1466 4671 1575 4748 iuquit,
1590 4670 1728 4731 honuni
1740 4669 1824 4731 sicut
1836 4684 1906 4730 nort
1916 4671 2039 4731 aeterni·

272 4750 372 4827 priam
398 4750 595 4827 voluntatem,
616 4768 695 4831 quac
709 4766 803 4832 saepe
817 4754 964 4817 adversus
977 4755 1074 4818 Deum
1089 4772 1136 4819 re·
1180 4770 1238 4823 na.
1253 4755 1302 4817 ilo
1313 4772 1373 4817 nec
1385 4756 1580 4835 imposturas
1594 4751 1723 4813 liabent.

273 4830 522 4897 bettarcuitiuu.
802 4866 804 4873 ⁴
1221 4836 1376 4917 lienique,
1391 4837 1531 4919 Nicotaus
1546 4834 1571 4896 I.
1588 4835 1619 4895 in
1631 4836 1721 4913 epist.
1736 4833 1772 4893 ad
1785 4832 1924 4893 uictrici.
1938 4833 2039 4894 reinit-

316 4914 354 4976 Et
367 4915 561 4980 acuhrmatur
575 4916 748 4981 testimonia
761 4918 941 4996 firmissimo
954 4936 982 4981 s.
998 4920 1130 4997 iiaximi,
1179 4925 1251 4983 tens
1261 4923 1474 5000 imperatorem
1486 4921 1523 4981 sd
1533 4918 1691 4994 epistolum
1703 4916 1856 4976 iiadriaui.
1871 4915 2036 4987 Silanun,

274 4998 329 5073 qui
353 5004 491 5076 tempore
515 4998 879 5064 decorticaturum
897 5002 1026 5081 scripsit
1039 5004 1132 5065 diaio-
1179 5002 1290 5080 iuquit,
1304 5020 1374 5066 non
1384 5002 1506 5077 iaham
1517 5015 1607 5063 more
1624 4998 1828 5067 massarum,
1850 5000 1908 5059 sed
1920 4998 2003 5058 sicut
2016 5014 2039 5059 a

255 5083 347 5157 'gum
360 5088 461 5143 cantra
475 5082 620 5160 Pyrrhum
632 5082 1021 5164 Sergiisuccessoremuui
1033 5084 1132 5149 adhuc
1176 5088 1252 5148 sede
1277 5087 1456 5163 apostatica
1474 5085 1577 5146 missa
1591 5087 1646 5155 est,
1660 5096 1759 5158 penes
1774 5081 1950 5141 Ecclesiam
1964 5095 2038 5141 con·

272 5168 323 5223 est
337 5160 366 5223 in
382 5163 567 5225 bibliotheca
583 5164 727 5227 vaticana.
743 5164 778 5226 in
794 5182 836 5227 eo·
853 5166 972 5246 dialogo
998 5168 1131 5230 introdu·
1175 5167 1511 5247 stantinopolitanom‚
1527 5165 1682 5228 hacteuus
1694 5169 1910 5226 comninetur.
1925 5163 1986 5223 Nec
1998 5164 2039 5222 si·

272 5242 316 5304 cit
336 5244 483 5323 Pyrrhum
508 5247 694 5309 haereticum
710 5248 915 5323 proterentem
930 5266 983 5327 pru
999 5266 1033 5313 sc
1049 5251 1132 5311 tasti-
1177 5266 1217 5311 ue
1232 5268 1342 5313 caussa
1357 5253 1417 5312 hac
1431 5249 1516 5310 dixit:
1541 5264 1611 5309 uam
1626 5262 1705 5324 quoa
1721 5249 1787 5322 ipso
1802 5246 1913 5323 aliegat
1927 5246 1958 5305 iu
1974 5245 2039 5322 epi·

271 5327 410 5389 moniam
422 5326 560 5405 Haucrii3
573 5328 861 5409 deiudcrespoudct
871 5331 950 5411 ipse,
964 5332 1131 5395 iicuorium
1176 5334 1301 5395 siclaad
1313 5334 1452 5396 Photiam
1463 5347 1501 5393 cx
1512 5330 1639 5409 epistola
1652 5328 2031 5391 iirrdriauiadiimmsium.

270 5423 397 5489 semper
410 5410 508 5472 tuisse
529 5410 729 5488 catholicum
745 5418 776 5473 et
790 5414 897 5491 probat
911 5432 978 5476 curn
994 5416 1129 5482 aliunde.
1176 5430 1238 5477 noa
1255 5417 1406 5479 habentur
1420 5415 1451 5475 in
1466 5414 1517 5475 ilia
1529 5415 1596 5491 ipsa
1608 5412 1748 5489 epistola,
1763 5411 1915 5487 allegitur
1927 5410 1956 5469 iu
1970 5410 2032 5472 ilii.

272 5496 336 5553 tunt
360 5506 399 5553 ex
423 5492 596 5555 testimonio
622 5494 777 5556 secretarii
800 5496 897 5572 ipsias
918 5496 1061 5569 bunarii,
1079 5498 1129 5576 qui
1176 5498 1306 5576 syuodo.
1322 5499 1524 5561 Detraxcrunt
1537 5495 1619 5558 cuim
1635 5494 1826 5555 Graecisms
1839 5494 1952 5558 iurum.
1966 5493 2036 5567 auia

273 5572 420 5651 epistolas
433 5574 502 5636 illes
517 5577 680 5655 scripserat
693 5576 731 5641 ab
743 5578 875 5639 Honorio
887 5580 1025 5651 dictatus,
1038 5596 1129 5656 quern
1175 5586 1280 5641 contm
1297 5581 1444 5641 bonorem
1458 5580 1593 5640 Tharasii
1609 5574 1796 5637 [ratehausi
1809 5591 2037 5653 ergoccrrupe·

272 5659 470 5719 secretarium
496 5664 572 5720 tunc
592 5659 691 5721 adbuc
717 5663 911 5739 superstitem
932 5662 1029 5723 tuisse
1044 5663 1127 5724 dicit.
1175 5657 1791 5739 ruutiimccilii.1i.il.ctVllsyncdurm
1804 5657 1997 5735 quidmirum
2010 5659 2037 5720 si

273 5738 451 5802 Testabatur
465 5748 564 5803 autem
580 5740 773 5817 secretarius,
786 5750 919 5805 tncntcrn
931 5744 1056 5806 Hancrii
1068 5760 1127 5805 ucri
1177 5746 1266 5806 ctiam
1276 5746 1326 5807 lli.
1339 5746 1546 5823 corruperint?
1554 5743 1734 5805 Praesertim
1748 5758 1815 5801 curn
1829 5746 2036 5818 caustcipuu·

274 5822 369 5885 iuisse
395 5840 542 5903 unquam.
569 5825 702 5901 negandi
723 5825 798 5887 duas
811 5825 980 5889 in'Cbristc
996 5830 1128 5888 rairruta·
1176 5828 1208 5888 ln
1223 5835 1292 5907 past
1306 5828 1354 5888 vt.
1371 5828 1520 5905 synodum
1533 5828 1723 5894 conclusam,
1736 5824 1844 5884 iteruin
1857 5826 2035 5887 ascendisse

272 5910 331 5975 tes,
357 5912 388 5968 st
402 5906 429 5967 si
444 5909 566 5984 quaudo
582 5908 936 5989 ricciarduasuegsre,
953 5911 982 5974 id
999 5926 1069 5973 csse
1085 5912 1129 5970 iu·
1174 5910 1470 5986 *contantinopolim
1495 5911 1609 5970 multos
1635 5908 1821 5988 episcopas,
1845 5914 1876 5967 ct
1898 5906 2035 5968 edidisse

274 5988 472 6071 teliipendum
498 5990 537 6053 de
564 5989 683 6053 duabus
704 5994 864 6063 contrariis
878 5999 909 6055 et
922 5993 1129 6075 pugnantibus
1175 5996 1334 6064 tratianas
1348 6008 1494 6068 canones,
1510 5991 2035 6073 qaorumcpiseopcmmucaatius
