4792 7009
1007 718 1265 821 aruan‘tsunus
1894 761 1949 816 aaa

264 892 420 954 dicentur
437 892 478 954 de
494 888 616 952 mnan
630 889 669 956 in
682 886 878 970 monasticia
892 892 922 952 et
935 891 1120 968 apostolicis
1163 888 1191 951 ri
1211 901 1278 962 eos,
1294 886 1346 968 qui
1361 887 1450 950 aliter
1460 903 1551 968 quam
1562 907 1617 972 per
1628 893 1857 963 subsistentiam
1871 899 2024 980 explicant

262 974 655 1053 amolmonottcenuatt.
854 1015 858 1022 ι
1164 971 1384 1051 hypostaticam
1397 973 1554 1037 unionem.

303 1060 401 1124 noae.
417 1061 499 1138 quod
515 1059 547 1118 in
561 1057 689 1136 iuotog.
706 1061 789 1118 cont.
806 1057 938 1126 briant..
952 1055 984 1118 in
998 1055 1119 1119 deteus.
1209 1053 1320 1122 Tertio,
1337 1055 1484 1131 probatur
1494 1064 1672 1136 argumento
1685 1059 1812 1128 Couciiii
1824 1067 1959 1132 Toletani
1973 1069 2023 1132 vl,

264 1145 294 1206 l.
315 1143 513 1212 anathemat,
531 1139 663 1220 cyrillus
677 1140 800 1200 adducit
814 1157 871 1218 nro
884 1154 920 1200 sc
934 1138 1013 1200 baec
1029 1137 1120 1199 rerba
1166 1152 1237 1214 cap.
1263 1135 1292 1198 t.
1310 1137 1400 1200 Solus
1415 1137 1512 1202 Filius
1529 1139 1583 1202 liei
1599 1148 1647 1204 est
1661 1143 1847 1227 incarnatus;
1864 1165 1937 1230 ergo
1952 1151 2025 1215 unio

264 1227 360 1288 sancti
382 1223 452 1286 lutii
473 1223 591 1285 romani
611 1223 780 1300 pontilicis:
803 1223 999 1286 inconsona
1019 1227 1065 1282 eat
1079 1237 1124 1283 em
1166 1219 1243 1282 iacta
1260 1223 1307 1280 est
1323 1235 1376 1295 ner
1390 1223 1697 1288 communicationem
1713 1227 1783 1307 eJus
1797 1233 1879 1309 quod
1894 1239 1940 1294 est
1955 1248 2027 1314 pro-

267 1309 394 1386 limine
406 1306 464 1368 Dei
474 1303 588 1379 battus,
604 1306 663 1383 nai
673 1303 914 1368 etbnbitooitin
925 1303 1122 1374 bominibus,
1170 1303 1271 1380 prium
1287 1300 1369 1376 Filii,
1386 1320 1448 1366 non
1463 1304 1532 1383 ejus
1547 1308 1628 1386 q'uod
1645 1315 1693 1370 cst
1704 1325 1867 1376 commune
1878 1317 1945 1376 attis
1958 1333 2028 1395 per·

263 1409 330 1457 non
353 1393 393 1453 in
417 1390 547 1451 bonane
560 1390 728 1466 eneryium
743 1403 893 1466 operum.
911 1387 969 1448 ttoo
983 1387 1124 1448 enimin
1168 1383 1267 1475 souis:
1284 1386 1339 1446 sod
1355 1387 1419 1448 sota
1434 1387 1632 1454 subsistentia
1655 1391 1721 1453 Filii
1739 1399 1921 1476 estpruprta
1937 1398 2026 1472 ilitio,

263 1473 427 1557 mopbetie
450 1477 496 1534 eat
520 1475 550 1534 ct
572 1472 612 1533 in
636 1471 798 1550 apostolis,
813 1472 973 1548 periectas
988 1471 1071 1530 dmm
1086 1469 1125 1531 in
1170 1465 1311 1528 attributa
1337 1475 1438 1530 autem
1460 1471 1561 1532 omnia
1578 1475 1754 1537 essentialia
1768 1479 1942 1544 communia
1957 1487 2028 1544 sunt

265 1573 364 1622 rome
379 1561 437 1618 etc.
453 1556 545 1616 tides
559 1555 741 1616 sententiam
756 1552 994 1619 disertisnerbis
1006 1559 1125 1612 contra·
1170 1549 1313 1612 omuibus
1327 1551 1425 1612 tribus
1441 1554 1594 1633 personis3
1611 1571 1684 1636 erge
1700 1561 1774 1621 unio
1785 1559 1974 1641 hypostatica
1985 1563 2047 1624 ta·-

266 1643 341 1705 riam
368 1638 561 1700 brenttonae.
587 1637 623 1697 lit
648 1637 679 1697 in
701 1637 796 1697 attero
833 1636 1024 1714 apologetico
1053 1649 1125 1695 con·
1170 1638 1219 1692 cta
1238 1637 1285 1692 est
1299 1647 1359 1709 per.
1369 1637 1675 1701 communicationem
1690 1641 2026 1708 soliassubsisteutiae.

267 1732 309 1786 tra
325 1722 564 1788 l'beudoretum,
587 1720 674 1797 ponit
694 1719 777 1780 idem
803 1716 934 1798 cyrillus
959 1717 1037 1778 bueo
1061 1731 1128 1778 rer·
1169 1712 2029 1806 llaecratioplaueconvincitautessererumid,quod

266 1807 303 1868 ba
325 1803 509 1866 'lbeudoretl
536 1808 638 1863 eorum
657 1801 916 1862 transibamus:
940 1799 1129 1862 Secundum
1171 1811 1231 1858 nos
1260 1795 1404 1870 dicimus,
1431 1805 1483 1860 aut
1504 1806 1593 1863 totam
1616 1803 1790 1869 trinitatem
1806 1823 1876 1871 esse
1890 1808 2030 1872 incarna-

266 1886 504 1952 eubaiatcntinm
526 1886 684 1947 namnam
694 1883 843 1947 munibus
865 1883 973 1945 modis
990 1883 1125 1960 iunones
1171 1884 1245 1951 tam,
1262 1877 1288 1938 si
1303 1893 1374 1942 vera
1388 1887 1436 1944 cst
1450 1883 1586 1946 delinitio
1601 1885 1713 1950 Brentii
1728 1894 1758 1951 et
1773 1889 1945 1969 Smideliui3
1958 1909 2029 1954 narn

267 1987 351 2035 mus.
368 1969 426 2032 libi
452 1970 544 2031 etiam
571 1969 659 2030 rides
683 1975 819 2046 apertam
835 1965 981 2028 baeretici
1006 1967 1128 2026 cautes·
1170 1960 2030 2054 ittaattributu,omnipotentia,omnipraesentiaomniju

269 2057 401 2118 sionem.
1174 2044 1256 2109 stitia
1273 2049 1347 2117 etc,
1363 2061 1494 2124 quorum
1508 2051 1902 2122 communicatiuuerotunt
1922 2057 2032 2120 tactam

310 2137 391 2197 ttem'
402 2134 433 2196 in
448 2131 584 2195 Concilio
600 2130 843 2194 Chalcedonensi
858 2136 918 2193 act.
930 2130 961 2192 5.
973 2129 1129 2192 iteremus
1173 2142 1246 2189 esse
1261 2125 1517 2204 iucarnatiunem,
1540 2133 1714 2196 cummunis
1729 2141 1802 2196 sunt
1816 2139 1868 2198 toti
1884 2137 2030 2203 trinitati.

269 2221 371 2282 soluo.
398 2217 541 2296 inquiunt
564 2215 678 2289 Patres,
704 2216 875 2293 utriusque
898 2219 1131 2290 nutnroepro-
1215 2207 1338 2282 Quarto.
1361 2209 1449 2273 Pater
1470 2219 1613 2276 aeternus
1629 2218 1862 2281 communicavit
1877 2220 1954 2283 Filio
1968 2237 2033 2284 om-

270 2303 415 2382 oriente,
437 2306 466 2361 et
484 2302 523 2360 in
536 2313 829 2376 nnumperaonem
846 2295 1130 2377 atquembaeten·
1173 2291 1224 2354 uia
1240 2279 2030 2382 suuattrt‘butaperfectissime,etmuitopertectius,
2153 2309 2157 2320 ’

272 2387 352 2448 tium
374 2386 596 2452 onninamente,
623 2381 748 2443 Filimn
764 2387 794 2442 et
806 2380 1016 2459 maimaitun
1030 2379 1132 2439 iteum
1174 2389 1265 2451 ouem
1292 2373 1446 2438 brentiuui
1473 2377 1566 2440 velint
1590 2381 1697 2443 cadem
1713 2381 1763 2442 itta
1779 2387 2028 2450 communicaris

276 2466 418 2530 Verbum
435 2463 501 2538 Quo
516 2465 584 2526 luco
599 2464 732 2535 notabis,
748 2479 810 2524 uon
826 2463 947 2524 misceri
964 2461 1131 2540 propriata·
1174 2455 1253 2518 titio
1268 2454 1322 2518 liei
1336 2455 1398 2550 titio
1410 2457 1555 2522 bominis:
1568 2468 1598 2523 et
1610 2469 1709 2525 tamen
1721 2465 1790 2543 quia
1804 2467 2035 2530 subsistentiam·

270 2555 317 2612 tes
342 2554 526 2616 naturarum,
553 2550 583 2606 et
609 2545 738 2622 proinde
759 2559 820 2606 non
838 2542 1060 2606 communicari
1076 2541 1131 2604 uni
1177 2554 1265 2600 suam
1290 2553 1443 2618 oronnam
1467 2541 1629 2607 Pater-nou
1645 2547 1849 2610 communicat
1864 2549 1951 2625 bttto,
1970 2565 2032 2613 nou

276 2639 401 2694 catturae
422 2629 512 2691 dotes
536 2628 673 2703 alterius,
694 2628 750 2690 sed
767 2625 999 2690 subsistentiam
1016 2633 1132 2686 tantum
1177 2626 1250 2684 suut
1261 2621 1336 2684 anniti
1349 2623 1549 2702 hypostatice,
1562 2629 1617 2689 sed
1634 2628 1767 2692 distincti
1778 2631 1880 2709 potius
1892 2632 2035 2712 hyposta-

271 2711 503 2777 oommonicari.
1178 2705 1240 2766 tice
1253 2705 1340 2768 Pater
1354 2711 1385 2766 et
1395 2703 1504 2784 l'ilius3
1518 2724 1591 2789 ergo
1603 2711 1675 2774 unio
1688 2711 1875 2792 hypostatica
1889 2731 1949 2776 uun
1962 2731 2036 2778 oon·

313 2797 390 2858 item
405 2795 436 2854 in
453 2793 488 2854 l'.
505 2791 629 2871 synodo
643 2797 703 2853 act.
719 2792 775 2854 ult.
792 2790 903 2854 cant.
915 2789 962 2852 sie
974 2789 1083 2853 babes:
1097 2788 1134 2851 Si
1178 2787 1260 2848 sistit
1285 2787 1315 2848 in
1338 2791 1614 2856 communicatione
1629 2794 1850 2871 attributorum,
1867 2798 1921 2860 sed
1938 2799 2037 2862 solius

271 2882 346 2959 qais
357 2869 1050 2953 dicit,secundamus-otinmmetaeeundnm
1060 2888 1137 2950 epe·
1174 2869 1409 2932 subsistentiae.

271 2964 446 3031 rationem,
471 2961 522 3020 oet
545 2961 726 3020 semndum
741 2958 941 3036 dionitutem.
958 2955 1009 3018 oet
1021 2971 1135 3018 scenn-
1222 2952 1304 3014 Haec
1329 2953 1419 3016 etiam
1434 2953 1508 3017 ratio
1523 2957 1571 3019 rel
1586 2959 1675 3036 plane
1690 2959 1853 3038 convincit,
1877 2966 1992 3025 Putrem
2006 2969 2039 3027 et

273 3047 355 3105 daim
379 3043 512 3126 bonoria
527 3041 772 3117 aequalitatem,
788 3045 846 3101 eut
858 3040 1061 3111 relationem,
1078 3042 1137 3100 out
1180 3035 1291 3100 Filium
1308 3049 1378 3098 esse
1394 3049 1484 3099 unam
1500 3038 1699 3118 hypostasim,
1716 3043 1741 3104 si
1758 3047 1806 3104 est
1819 3059 1888 3106 vcra
1900 3045 2038 3108 delinitio

272 3125 433 3206 suffectum,
466 3131 523 3186 atat
545 3126 707 3186 uirtutem.
722 3123 906 3183 eruitionem
920 3122 1040 3197 tbctom
1054 3135 1133 3182 esse.
1180 3119 1294 3180 Breutii
1321 3124 1351 3178 et
1378 3118 1551 3182 Smidelioi:
1569 3124 1616 3184 vet
1631 3125 1715 3187 lateri
1732 3125 1857 3198 debent,
1873 3127 1968 3190 veiint
1983 3145 2038 3191 no·

272 3209 309 3269 Et
325 3207 414 3267 intra:
432 3205 497 3268 Sed
510 3221 580 3268 non
593 3204 796 3281 cantitentur,
818 3207 979 3266 nnitotem
991 3202 1049 3263 Dei
1067 3202 1136 3265 Ver·
1182 3201 1250 3270 tint,
1278 3200 1494 3279 hypostaticam
1522 3205 1666 3268 unionem
1688 3222 1751 3270 nou
1766 3209 1935 3274 consistere
1951 3212 1982 3273 iu
1997 3218 2043 3274 at·

274 3291 307 3353 bi
321 3291 368 3352 nd
382 3305 515 3350 curnem
527 3303 596 3350 nun
609 3289 791 3350 secundum
805 3287 1079 3364 conpositionem,
1093 3286 1137 3347 ai·
1181 3283 1361 3344 tributorum
1376 3287 1662 3351 communicatione.

273 3391 311 3435 ue
326 3374 507 3434 secumdum
517 3371 768 3432 subsistantiam.
782 3372 902 3445 tinctum
913 3383 990 3433 esse.
1003 3368 1138 3430 anotbe-
1223 3364 1334 3426 [licent
1344 3364 1485 3428 tortasse:
1498 3386 1567 3431 cum
1581 3372 1648 3432 titiis
1658 3367 1811 3434 attributis
1823 3375 2043 3440 communicati

274 3473 330 3518 me
354 3456 407 3515 sit.
432 3454 470 3515 Et
489 3455 577 3514 intra:
604 3456 726 3516 Sonotu
738 3452 796 3514 Dei
809 3453 955 3514 Ecclesia
968 3453 1140 3530 utriusque
1183 3445 1274 3509 etiem
1299 3447 1541 3513 subsistentiam.
1568 3455 1604 3513 bt
1628 3454 1717 3517 rerba
1744 3455 1880 3534 ipsorum
1896 3459 1977 3521 atiud
1993 3473 2043 3522 su·

275 3539 477 3616 impietatem
497 3538 645 3614 ejiciens,
667 3537 850 3598 unitionem
862 3535 1043 3596 secundnm
1056 3549 1140 3594 eom
1184 3536 1270 3592 nant.
1286 3530 1357 3592 baro
1373 3531 1515 3598 Brentius
1526 3535 1558 3595 in
1569 3533 1624 3597 tib.
1635 3537 1674 3598 de
1686 3533 1804 3616 ammi.
1820 3537 1931 3604 Cbrist.
1943 3541 2041 3618 bom,

273 3622 471 3699 positionem
485 3619 663 3698 cantitetur,
680 3619 769 3699 qnod
783 3626 828 3680 eat
840 3619 1024 3680 aecnndum
1036 3615 1140 3678 subsi-
1183 3612 1236 3675 ubi
1253 3619 1380 3676 conatur
1393 3617 1568 3689 ostendere,
1585 3619 1659 3697 quid
1675 3619 1796 3698 proorie
1811 3622 1851 3682 sit
1864 3624 1936 3685 unio
1947 3625 2044 3704 byco-

276 3706 442 3766 atenta'am.
459 3703 538 3778 Quid
554 3703 667 3764 cianus
682 3706 783 3766 contra
799 3700 954 3762 Brentium
967 3705 998 3760 et
1009 3705 1138 3760 sectato·
1184 3698 1303 3771 statice,
1331 3711 1390 3774 qua
1416 3698 1613 3778 distinguitur
1627 3699 1765 3766 Christus
1781 3719 1797 3761 a
1811 3705 1896 3780 nuris
1911 3705 2044 3768 humini-

277 3802 331 3848 res
345 3785 426 3864 ejus,
442 3790 495 3863 qut
510 3785 708 3846 introducunt
721 3783 891 3845 unitionem
906 3785 1012 3844 betam
1028 3797 1139 3844 secun·
1185 3779 1256 3846 bus.
1273 3781 1319 3840 sic
1333 3780 1383 3840 ait:
1402 3780 1514 3860 ttoqne
1528 3783 1703 3847 discrimen
1717 3784 1830 3847 Cbriati
1841 3790 1870 3848 ct
1882 3789 2045 3852 Petrinum

281 3870 356 3931 dum
383 3871 522 3944 gratiam,
548 3872 579 3928 et
603 3867 825 3946 operationem.
852 3874 881 3926 et
895 3864 1142 3945 dignitatemtlit
1187 3861 1643 3940 estnirnticitersnnendam
1657 3867 1950 3933 obinbobitotinne
1965 3869 2044 3932 l'itii

283 3967 357 4012 cun.
374 3949 403 4009 5.
420 3951 561 4030 ejusdem
577 3948 716 4012 Concitit:
732 3949 768 4011 Si
782 3950 855 4029 qais
867 3949 1075 4009 introducere
1089 3961 1140 4008 cu·
1188 3943 1256 4010 Dei.
1285 3945 1343 4006 sed
1369 3950 1697 4014 neummtmientione
1708 3953 1946 4029 oeconomiam
1959 3953 2042 4030 ejus:

277 4039 383 4095 nrrtm
395 4033 434 4094 in
446 4033 597 4114 manerio
614 4032 731 4094 Christi
744 4033 827 4093 dnus
840 4030 1146 4101 subclamassem
1189 4027 1294 4090 Filius
1309 4025 1397 4092 enim
1416 4027 1475 4092 Dei
1489 4033 1548 4093 etsi
1560 4033 2046 4113 snomentiaamototretnm,

283 4118 371 4178 aluos
395 4129 564 4193 personna,
591 4121 621 4177 et
634 4129 739 4177 onom
751 4126 928 4192 emonam
941 4113 1020 4174 dicit
1032 4127 1145 4173 secun·
1189 4111 1271 4172 sieut
1291 4116 1320 4172 et
1334 4111 1497 4176 terminent
1513 4113 1765 4194 Christnmanon
1780 4121 1889 4179 tomen
1903 4133 2049 4180 commu·

282 4201 365 4261 dnm
378 4199 582 4276 dionitotem,
599 4203 627 4259 et
641 4198 806 4270 bonorem,
824 4201 856 4256 et
864 4196 1103 4262 dimotionem,
1120 4197 1149 4254 et
1188 4193 1279 4254 niem
1293 4191 1384 4255 Petro
1402 4210 1512 4257 omnes
1526 4213 1604 4259 suaa
1616 4199 1838 4276 proprietates,
1851 4200 1908 4262 sed
1918 4203 2048 4263 tontum

278 4295 350 4344 nott
365 4278 532 4357 cantitetur
545 4281 727 4342 sectandum
739 4277 799 4341 Dei
816 4276 949 4340 Verbum
960 4279 1056 4339 corni
1069 4275 1146 4338 cni·
1191 4275 1381 4346 norannltes,
1406 4277 1547 4354 nisibeni
1570 4279 1709 4348 Patriam.
1737 4287 1904 4344 conseram
1917 4283 1955 4344 in
1967 4283 2046 4352 udo,

281 4373 352 4425 tum
364 4377 430 4424 esse
445 4368 474 4424 et
485 4369 618 4442 propter
631 4362 690 4424 boc
704 4378 809 4424 unum
821 4359 1060 4424 subantentiom
1076 4358 1146 4436 ejeci
1192 4360 1249 4418 dot
1274 4361 1364 4418 t'etiu
1382 4366 1568 4434 potestatem
1582 4358 1735 4442 ejiciendi
1749 4367 1933 4439 doenmnes,
1947 4365 2048 4426 imum

281 4445 522 4508 subsistentiam
535 4451 593 4506 ete.
610 4445 788 4507 onntbemu
800 4445 851 4506 sit.
1192 4441 1360 4502 recitandi
1374 4445 1527 4504 mortuus.
1539 4444 1628 4505 inter
1638 4459 1677 4505 eu
1688 4450 1797 4508 enimn
1806 4461 1874 4508 non
1883 4447 1963 4524 tecit
1973 4461 2049 4511 eum

322 4529 400 4590 item
418 4529 448 4588 in
464 4525 599 4590 eoncttto
614 4527 811 4589 lateranensi
824 4525 883 4588 sub
895 4524 1021 4586 itartino
1034 4522 1060 4584 Ι.
1075 4537 1146 4584 ron·
1192 4523 1462 4600 onrnipetcntem,
1489 4527 1741 4598 omniscientem,
1767 4529 2045 4608 omnbooientem,

240 4633 247 4650 ·
283 4613 357 4674 suit.
374 4611 429 4672 utt.
454 4627 523 4671 can.
550 4609 582 4672 d.
609 4611 645 4672 Si
659 4611 733 4690 qum
747 4609 927 4670 seeundum
942 4611 1069 4670 sanetus
1083 4605 1146 4667 Po·
1191 4605 1426 4683 omraijustum,
1453 4613 1483 4670 et
1507 4609 1807 4687 omnipraesentcm:
1826 4609 1949 4673 Filium
1972 4627 2048 4674 uero

286 4703 349 4756 tres
374 4709 444 4756 tion
469 4690 637 4771 confitetur
648 4694 780 4771 proprie
794 4698 824 4752 et
837 4693 1017 4753 secondum
1030 4689 1147 4750 ueritu-
1189 4686 1329 4750 bominis
1345 4695 1446 4752 amnt
1468 4703 1538 4754 non
1562 4691 1724 4771 aliquibus
1746 4697 1884 4769 tontum,
1900 4695 1957 4756 sed
1970 4696 2047 4756 unl-

287 4787 352 4839 tem
372 4791 416 4838 en
430 4776 558 4837 dnobm
573 4781 603 4835 et
615 4773 796 4837 indunbna
806 4775 935 4836 nutnria
949 4773 1144 4834 substantiu-
1190 4773 1289 4833 uersis
1313 4772 1381 4832 suia
1407 4773 1512 4835 donia.
1537 4774 1571 4834 st
1586 4775 1672 4836 intra:
1691 4775 2048 4853 cenomanensem

287 4862 359 4922 liter
371 4859 474 4920 enim
487 4854 702 4936 inconfusam
715 4857 855 4918 indiciue
865 4871 973 4917 canaam
984 4857 1147 4918 mordem-
1191 4855 1314 4929 titutum
1335 4869 1401 4917 esse
1417 4853 1563 4919 omnium
1572 4854 1634 4918 liei
1646 4858 1882 4936 proprietatum
1895 4860 1965 4920 aine
1978 4859 2051 4920 ullu

289 4940 656 5024 canescellominumet
680 4939 783 5002 Dcnm
805 4939 973 5001 Christum.
1003 4939 1046 4999 sit
1073 4953 1148 4999 eon-
1193 4937 1382 5014 emanatione
1397 4953 1560 5016 caperem,
1578 4946 1607 5001 et
1619 4941 1687 5000 nrsi
1701 4954 1773 5002 eom
1787 4938 1904 5000 boboni
1918 4940 2049 5018 conoei-

289 5028 478 5087 demnotua.
494 5023 531 5084 bt
545 5039 613 5084 can.
630 5023 661 5083 8.
679 5023 716 5085 st
728 5025 801 5101 quie
828 5037 898 5082 nen
921 5017 1147 5097 confiteturae·
1192 5026 1298 5080 totana.
1315 5035 1384 5082 nen
1397 5035 1462 5083 ease
1474 5023 1649 5084 dmcrimen
1658 5023 1745 5098 inter
1758 5017 1915 5084 Christum
1927 5027 1956 5083 et
1967 5021 2049 5085 elius

287 5108 435 5170 orandum
446 5111 574 5168 sanctos
587 5105 699 5168 Patres
712 5105 844 5185 proprie
873 5109 902 5164 et
930 5117 1007 5164 nere
1031 5119 1146 5165 aeunn-
1192 5102 1349 5174 tranuito-es,
1371 5117 1431 5166 nec
1456 5103 1587 5166 Verbum
1600 5103 1673 5182 ficri
1684 5105 1824 5183 putuisse
1839 5119 1982 5165 curnem.
1999 5103 2049 5166 Si-

289 5194 368 5252 ‹tnm
383 5190 655 5267 compositionem,
670 5189 766 5260 idest,
781 5187 962 5248 secundnm
976 5178 1150 5247 subsisten-
1195 5187 1276 5246 mitta
1292 5185 1406 5246 babent
1417 5185 1520 5248 tbeses
1533 5185 1703 5264 Smtdetini,
1717 5195 1748 5247 et
1757 5187 1836 5248 liber
1849 5185 2047 5248 Concordiae:

291 5275 372 5336 tiam
384 5279 583 5334 notrcromtm
596 5273 835 5333 animnoman
846 5267 965 5347 quibam
978 5283 1066 5330 nnus
1081 5268 1150 5331 eni·
1194 5268 1246 5330 ubi
1274 5283 1335 5330 non
1358 5266 1446 5350 rideo
1463 5268 1649 5334 mentionem
1665 5268 1732 5336 lieri
1745 5267 1975 5342 subsistentiae,
1993 5267 2051 5332 sed

291 5357 344 5417 atti
359 5355 514 5421 (inmania.
530 5354 700 5430 inuenirim
714 5361 743 5416 et
764 5352 906 5415 indiuisa
924 5352 964 5413 in
985 5367 1021 5414 eo
1043 5353 1151 5430 cunni·
1194 5353 1293 5412 sotum
1309 5349 1517 5414 attributorum
1534 5352 1756 5414 essentialium.

295 5446 372 5513 tem,
384 5439 428 5499 sit
442 5439 687 5499 condemnatus.
825 5478 828 5490 .
1234 5433 1404 5506 Praeterea,
1432 5432 1580 5512 quidquid
1605 5435 1645 5496 sit
1658 5433 1697 5496 de
1712 5431 1922 5508 subsistentia,
1939 5431 2048 5495 sallem

331 5520 409 5582 item
423 5521 453 5580 iu
469 5520 522 5580 tt·
535 5519 669 5599 synode,
692 5524 750 5580 aet.
766 5517 798 5577 li
810 5517 841 5578 in
858 5516 949 5595 epist.
971 5515 1149 5594 igetbonis,
1194 5517 1301 5576 nolunt
1316 5515 1429 5593 requiri
1446 5517 1484 5578 ita
1502 5517 1677 5578 necessario
1692 5515 1732 5578 ad·
1744 5515 1890 5576 rationem
1906 5514 2050 5596 hyposta-

294 5619 386 5683 quam
403 5609 499 5663 tutum
525 5601 694 5664 concilium
722 5600 850 5678 recepit,
870 5602 915 5661 sic
943 5599 1065 5677 legitur:
1083 5598 1151 5659 don
1194 5596 1275 5658 ticae
1290 5597 1412 5660 unionis
1427 5599 1733 5662 communicationem
1746 5597 1881 5659 omnium
1894 5597 2052 5660 attributo·

292 5702 358 5765 uer.
374 5686 569 5756 matonam,
599 5701 684 5765 qaue
706 5683 888 5746 nectendam
913 5681 1151 5743 mbsbtentiom
1194 5693 1275 5750 rum,
1291 5684 1324 5739 ut
1337 5678 1390 5740 ubi
1406 5678 1486 5742 desit
1501 5681 1569 5742 tatis
1584 5679 1829 5755 communicatio,
1847 5695 1908 5744 non
1923 5680 1963 5742 sit
1977 5681 2049 5742 unio

295 5771 382 5846 [neto
404 5769 616 5846 comouritur,
641 5769 784 5841 uniunt,
812 5764 871 5827 sed
897 5763 1158 5842 blasphemantes.
1195 5761 1395 5840 hypostatica,
1420 5767 1449 5824 et
1465 5761 1517 5824 ubi
1529 5763 1607 5825 adsit
1621 5763 1670 5824 sit.
1687 5762 1760 5825 Nam
1775 5762 1913 5824 Brentius
1928 5763 2048 5834 asserit,

297 5865 354 5929 oar
380 5847 531 5930 effaetam
552 5851 726 5914 uoluntatis
753 5855 915 5928 tunquam
941 5847 1026 5908 dans
1050 5845 1151 5908 subsi-
1196 5843 1280 5922 quod
1293 5843 1319 5904 st
1332 5843 1438 5906 Petrus
1450 5849 1534 5907 esset
1544 5845 1749 5922 omnipotens,
1763 5851 1794 5908 et
1805 5845 2048 5924 omnipraascus.

297 5934 433 5997 utendos
441 5935 526 5997 idest
538 5935 620 5996 dares
630 5935 790 6014 quosdam
805 5933 962 6010 innonat,
982 5933 1039 5990 ete.
1065 5928 1150 5990 idem
1197 5932 1280 5988 esset
1294 5926 1382 5988 etiam
1398 5925 1502 5989 unitus
1516 5926 1579 5990 lico
1593 5927 1793 6009 hypostatice.
1806 5927 1870 5992 lico
1881 5933 1981 5990 autom
1996 5941 2051 6008 po·

301 6017 498 6079 nabeturaet.
513 6017 563 6080 tt.
578 6016 610 6079 in
625 6016 691 6096 ipsa
720 6014 901 6078 delinitione
925 6009 1064 6075 Concitii.
1094 6011 1149 6073 bbi
1196 6010 1266 6084 sito,
1294 6009 1481 6072 eottcluduut
1506 6011 1681 6074 necessario
1695 6015 1829 6076 rationes
1844 6011 1951 6084 tactae,
1968 6013 2050 6092 quod

304 6099 399 6176 rides,
412 6100 535 6165 disertis
545 6099 647 6165 serbis
655 6104 801 6181 nuquam
811 6093 1009 6176 blasphemos
1030 6095 1151 6158 damna·
1195 6093 1338 6155 nimirum
1360 6099 1551 6174 sequeretur,
1568 6099 1659 6160 totam
1674 6095 1849 6160 'trinitatem
1865 6109 1936 6158 esse
1950 6093 2052 6157 tueor·

1726 6182 1783 6244 32·
