4792 7009
984 719 1084 784 caasa
1103 719 1254 793 ournms
1895 714 1949 780 aar
2066 663 2068 668 ¹

239 867 343 928 teron
360 861 412 925 ll.
428 865 526 926 emtat
544 859 750 926 clarissimum
763 856 973 923 testimouium
991 903 999 934 ,
1023 857 1107 938 qnod
1152 855 1280 922 ctissiml
1293 851 1531 936 matthaeeum.
1542 849 1732 932 unguendo
1747 867 1831 916 sara
1846 851 1884 916 ah
1897 853 1961 918 ullo
1973 869 2021 916 rc·

241 948 336 1009 dubia
352 945 392 1008 de
406 945 558 1024 religitme
578 952 683 1009 exorta
699 944 737 1006 ad
753 959 908 1005 summurn
930 941 1108 1022 pontiticcnr
1153 942 1327 1022 prehensos
1342 953 1397 1000 cos
1414 935 1511 1000 luisse
1523 935 1668 1015 legimns.
1682 936 1755 998 lida
1768 935 1980 1000 innocentium
1992 936 2018 1000 l.

237 1027 406 1111 iudicanda
422 1028 616 1102 reiciantur,
633 1027 670 1091 Si
684 1024 813 1107 difficile
826 1071 834 1102 ,
845 1026 954 1102 inquit
965 1024 1105 1104 lloyses,
1151 1025 1183 1086 in
1199 1021 1289 1102 epist.
1306 1020 1344 1084 ad
1359 1037 1448 1084 conc.
1465 1015 1635 1098 carthagin.
1648 1017 1780 1080 leonem
1794 1019 1819 1082 l.
1832 1021 1863 1082 in
1876 1015 1966 1100 epist.
1980 1019 2019 1082 ad

240 1118 341 1192 omne
352 1110 544 1190 cnidinum
550 1111 720 1193 iodicium
733 1124 799 1172 ecoe
813 1108 1018 1188 perspexeris
1032 1153 1040 1181 ,
1056 1109 1107 1171 in·
1152 1109 1261 1170 Anasi.
1272 1103 1411 1166 thessal.
1423 1101 1576 1166 Gelasium
1592 1099 1617 1164 1.
1628 1101 1657 1162 in
1675 1099 1814 1178 epistad
1829 1102 2016 1182 apiscdard.

238 1203 288 1258 ter
303 1209 456 1258 comeum
470 1202 499 1256 et
513 1210 676 1266 cocceam,
693 1193 818 1270 lepram
829 1197 858 1254 ct
869 1192 1005 1272 lepram.
1019 1190 1109 1267 etju·
1152 1189 1307 1251 Nicolaum
1323 1186 1347 1248 l.
1365 1185 1396 1248 in
1412 1183 1505 1264 epist.
1520 1184 1558 1246 ad
1574 1183 1715 1248 llichiel.
1731 1184 1806 1262 imp.
1823 1192 1853 1248 ct
1867 1185 2018 1250 Innocen-

238 1279 354 1340 dicon
373 1277 465 1340 intro
477 1284 589 1356 portos
610 1282 683 1339 tnos
697 1275 819 1338 ciderio
838 1273 1081 1337 antenoridae
1097 1319 1106 1347 ,
1152 1274 1228 1333 tium
1244 1269 1298 1332 lll.
1316 1271 1347 1334 iu
1361 1269 1451 1348 epist.
1465 1267 1502 1328 ad
1515 1266 1620 1328 arelat.
1635 1265 1734 1345 episc.
1746 1266 1829 1328 uode
1842 1273 1937 1332 exstat
1948 1285 2016 1348 cap.

239 1359 349 1438 Surge
362 1364 393 1420 ct
408 1361 547 1422 ascende
562 1360 608 1423 od
621 1359 729 1422 locun
749 1373 846 1436 quen
860 1356 988 1434 etegent
1002 1355 1108 1417 iloni·
1154 1352 1297 1435 llaJ'orcs,
1315 1357 1410 1428 extra,
1426 1351 1465 1414 de
1480 1349 1648 1429 baptismo,
1665 1351 1778 1430 atejus
1794 1349 1915 1414 ellectu.

237 1459 305 1504 nats
324 1443 407 1504 Dens
423 1449 509 1512 tutta,
523 1443 697 1523 animeque
715 1441 762 1505 od
773 1440 976 1502 sacerdotem
990 1436 1111 1500 leuitici
1851 1485 1853 1492 .

238 1526 370 1604 genens
387 1571 395 1598 ,
412 1529 442 1587 et
455 1525 501 1586 od
510 1524 658 1603 jadicem
679 1524 738 1605 gai
751 1521 851 1599 inerit
870 1521 926 1584 illo
942 1526 1108 1598 tenpore,
1316 1535 1320 1540 “
1495 1512 1614 1577 CAPUT
1629 1513 1670 1578 Il.

243 1621 449 1688 qucmcsqoc
462 1607 504 1668 oh
519 1608 638 1687 cismai
649 1603 851 1670 indicabant
860 1603 919 1666 tihi
925 1604 1111 1681 judiciive·

243 1691 422 1761 ritcten‚et
434 1690 535 1766 tomes
549 1691 777 1770 quodeunque
790 1687 937 1750 dioccrtm
947 1686 1006 1766 goi
1016 1701 1112 1764 proc·
1277 1679 1655 1763 anconitanensem
1671 1676 1760 1742 &inc
1775 1685 1897 1750 centnm
2010 1735 2012 1740 ,

240 1777 323 1835 sunl
347 1772 415 1834 ioco
431 1788 529 1852 mnan
552 1773 683 1853 clegerit
706 1771 874 1833 Dominus.
898 1768 963 1842 Quo
979 1772 1047 1832 loco
1064 1774 1112 1831 esi
1429 1760 1743 1844 popccjcdtctona

242 1854 493 1930 observandum,
510 1856 586 1917 duas
603 1871 751 1934 personas
766 1852 924 1932 distingui,
942 1853 1111 1915 sacerdotis

241 1945 274 2000 et
286 1936 404 2017 judicis
417 1981 426 2010 ,
441 1937 502 2000 hoc
516 1943 585 2012 est,
600 1936 756 2018 pontilicis
771 1941 803 1997 et
821 1933 982 2018 principis:
999 1941 1029 1996 ct
1044 1936 1111 2012 ool·
1194 1929 1232 1994 tlt
1245 1928 1338 2009 igitur
1356 1927 1419 2010 jam
1441 1927 1478 1990 ad
1493 1925 1705 2006 quaestionem
1727 1927 1894 1992 secundam
1916 1928 2019 1992 renia-

242 2022 317 2083 dern
332 2019 485 2082 sacerdoti
499 2021 669 2083 sentcntiae
687 2018 974 2099 pronunciationem
990 2064 998 2089 ,
1012 2016 1112 2098 judici
1155 2029 1243 2086 mus,
1260 2013 1421 2075 sciendum
1436 2017 1484 2073 cst
1498 2007 1607 2084 initio,
1624 2007 1799 2087 pontificem
1814 2017 1942 2091 quatuor
1956 2029 2020 2077 rnu-

243 2102 374 2182 politico
389 2104 625 2179 exequutionem
637 2102 825 2165 demandari.
839 2101 871 2162 ld
885 2102 965 2181 quod
979 2101 1112 2176 explica·
1153 2097 1202 2159 dis
1225 2111 1317 2174 possa
1332 2091 1530 2156 considerari.
1554 2091 1618 2152 lino
1634 2091 1723 2156 modo
1741 2137 1748 2165 ,
1772 2099 1805 2155 ul
1819 2100 1867 2156 cst
1881 2109 2017 2173 persona

242 2194 296 2248 tur
311 2187 343 2246 in
360 2186 563 2264 mouentibus
577 2186 680 2249 nerhis
697 2204 705 2246 ι
723 2184 784 2263 Qui
797 2189 909 2246 cutem
920 2182 1113 2261 superbierit
1154 2178 1304 2259 quaedam
1322 2175 1532 2256 particularis,
1547 2174 1611 2236 sira
1626 2174 1733 2238 doctor
1746 2175 1949 2253 particularis.
1967 2178 2019 2242 Sa·

242 2268 361 2331 nolens
376 2267 506 2330 obedire
519 2270 695 2333 sacerdotis
708 2268 857 2346 imperio,
874 2267 932 2345 arnt
944 2281 979 2326 co
994 2272 1111 2344 tcnepo·
1157 2261 1272 2336 cundm
1288 2267 1321 2324 ut
1340 2259 1487 2339 pontifex,
1504 2258 1557 2320 sed
1574 2257 1671 2322 solus.
1689 2255 1807 2332 Tertio,
1824 2265 1857 2320 ut
1870 2261 2018 2340 pontifex,

241 2366 280 2414 rc
293 2350 460 2412 ministrat
473 2350 610 2416 Domino
625 2351 689 2414 lico
704 2356 771 2426 too,
795 2365 838 2415 eoa
851 2347 1112 2429 sentecotioiodi·
1156 2345 1212 2408 scd
1228 2344 1373 2423 adjuncto
1389 2347 1477 2405 coetu
1493 2339 1583 2402 sclito
1606 2337 1861 2405 consiliariorum.
1879 2341 1990 2417 Quarto
2008 2391 2016 2418 ,

244 2435 292 2496 cis
306 2433 475 2496 muriciam
1156 2433 1190 2491 ut
1206 2426 1352 2506 pontiicr,
1369 2425 1425 2488 sed
1440 2441 1498 2484 unu
1514 2439 1583 2484 cum
1599 2421 1729 2486 concilio
1744 2424 1894 2501 generali.

286 2515 324 2576 ln
339 2516 499 2595 evangetio
514 2516 591 2578 nihil
606 2521 709 2595 potest
723 2514 837 2578 clarius
850 2512 1017 2592 dici,ouarn
1030 2514 1113 2592 quod
1197 2509 1341 2582 Secundo
1355 2506 1576 2570 obsecrandum
1593 2511 1657 2577 est,
1674 2519 1767 2583 posse
1782 2505 1844 2568 duo
1860 2507 1963 2588 quaeri
1982 2510 2019 2574 dc

243 2597 450 2660 nilhominus
465 2599 553 2662 Petro
568 2615 669 2662 coram
685 2596 1114 2677 cactcatsapostotlszstmon
1156 2591 1303 2672 pontifice
1321 2637 1329 2666 ,
1352 2590 1497 2654 omnihus
1523 2594 1651 2667 quatuor
1675 2587 1776 2650 modis
1801 2591 2019 2666 considerato,

244 2681 387 2743 iomanis
400 2697 497 2758 peace
512 2698 584 2745 oues
597 2697 699 2746 meos.
716 2681 788 2742 llam
801 2686 832 2742 et
842 2681 899 2742 soli
914 2680 1002 2741 Petro
1015 2681 1112 2757 loqui·
1156 2676 1280 2754 quando
1295 2674 1451 2752 quaeritur
1465 2688 1503 2734 an
1520 2669 1617 2750 possit
1631 2685 1744 2734 errare.
1762 2670 1882 2747 Primo,
1899 2690 1936 2736 an
1952 2675 2021 2754 ipse

248 2769 347 2837 tur‚et
360 2779 469 2827 omnes
483 2781 556 2826 suas
569 2765 702 2836 cassita
719 2772 751 2825 ut
765 2781 804 2826 nc
819 2765 974 2842 apostolos
989 2763 1113 2839 quidem
1157 2758 1259 2836 possit
1273 2772 1345 2820 esse
1362 2756 1548 2818 hacreticus.
1565 2752 1731 2824 Secundo,
1748 2769 1786 2815 an
1803 2754 1901 2832 possit
1915 2756 2021 2830 haere,-

244 2846 412 2918 eacludal,
429 2847 457 2907 ei
474 2848 646 2926 pascendas
661 2848 761 2909 tradit.
778 2846 911 2908 Dubium
925 2851 1027 2907 antem
1042 2861 1113 2919 essa
1157 2839 1216 2902 sina
1233 2839 1357 2902 docere.
1374 2837 1513 2918 lienique
1535 2835 1740 2900 annotandum
1758 2843 1805 2900 ast
1818 2839 1907 2900 tertio
1926 2885 1934 2914 ‚
1950 2855 2022 2904 sen·

245 2944 313 2991 non
329 2935 441 3007 potest,
457 2930 531 3008 quin
547 2933 627 2991 inter
642 2931 916 3010 monerapastoris
929 2928 981 3003 sii,
997 2930 1113 2990 discer·
1158 2923 1269 2984 tantias
1293 2929 1322 2983 at
1338 2923 1458 2984 decreta
1482 2917 1658 3000 pontificum
1679 2917 1831 2980 interdum
1854 2923 1965 2984 versari
1989 2927 2021 2987 in

189 3070 190 3077 ,
244 3025 325 3073 nere
342 3010 422 3072 hona
438 3028 553 3090 pascua
567 3029 584 3074 a
599 3013 700 3075 malis.
1011 3035 1014 3041 ¹
1157 3006 1252 3068 rebus
1269 3003 1503 3072 universalibus,
1520 3017 1599 3080 onae
1613 3001 1663 3062 toti
1676 2999 1834 3064 Ecclesiae
1846 3019 2022 3086 proponun-

188 3085 194 3131 i
288 3092 390 3168 Quare
419 3109 446 3155 s.
476 3093 682 3176 Hieronymus
711 3095 802 3156 honio
831 3093 1051 3159 doctissimus,
1080 3093 1111 3154 in
1159 3095 1218 3159 tur,
1236 3089 1337 3168 qualia
1353 3094 1426 3149 sant
1441 3086 1562 3148 decreta
1579 3085 1616 3146 de
1632 3082 1705 3156 lide,
1729 3091 1759 3146 et
1774 3095 1935 3164 praccepta
1957 3105 2022 3152 mo-

188 3171 193 3214 i
245 3181 370 3254 quaest.
385 3176 507 3238 detrih.
521 3178 643 3258 hypost.
658 3193 717 3240 nec
728 3176 891 3240 eruditioni
905 3174 1045 3255 propriae
1058 3192 1116 3238 nec
1157 3188 1225 3234 rum
1242 3169 1395 3250 generalia
1413 3188 1421 3230 :
1440 3169 1591 3230 interdum
1608 3165 1637 3228 in
1654 3166 1749 3230 nehus
1764 3169 2019 3246 particularibus,

189 3248 194 3297 ι
245 3257 442 3340 orientalium
459 3261 674 3338 episcoporum
690 3261 873 3330 sententiae,
891 3275 950 3322 occ
963 3257 1054 3322 etiarn
1069 3259 1114 3337 ip·
1159 3269 1238 3334 quae
1254 3253 1291 3316 ad
1308 3268 1423 3332 paucos
1439 3249 1611 3331 pertinent,
1628 3249 1735 3326 quales
1749 3249 1812 3313 iera
1828 3258 1900 3314 sunt
1915 3268 2023 3318 ornnes

189 3336 194 3380 ¹
246 3341 317 3403 sius
331 3340 447 3420 proprii
459 3341 598 3420 episcopi
611 3333 725 3404 Paulini
739 3343 914 3403 antiocheni
927 3339 1115 3420 patriarchae
1160 3337 1388 3398 controversiae
1405 3334 1487 3409 iacti,
1506 3339 1538 3396 ut
1552 3349 1589 3394 an
1608 3333 1674 3393 tatis
1690 3331 1729 3392 sit
1744 3335 1970 3409 promovendus
1985 3337 2023 3400 ad

188 3421 194 3464 i
246 3423 420 3486 auctoritati
435 3428 510 3486 satis
525 3425 676 3493 lidensad
692 3424 855 3490 Damasum
872 3440 979 3501 paparn
995 3423 1113 3484 scribit:
1159 3419 1382 3496 episcopatum,
1399 3434 1436 3480 an
1449 3417 1520 3497 jnre
1535 3413 1625 3478 tuerit
1640 3422 1816 3494 promotus,
1833 3432 1871 3478 an
1887 3417 2022 3484 uideatur

189 3494 194 3546 ι
246 3503 429 3584 apostare,
446 3507 554 3585 inquit,
567 3508 770 3586 praesidinm
782 3506 982 3587 ouistlcpito.
994 3505 1115 3568 Discer-
1159 3501 1375 3577 deponendus.
1940 3501 1946 3514 '

188 3582 194 3628 i
244 3603 291 3652 ne
303 3590 335 3650 oi
346 3589 464 3666 placet,
478 3605 549 3653 non
562 3590 677 3653 tinaeho
692 3597 755 3654 tres
769 3589 955 3672 hypostases
969 3589 1076 3652 dicere
1086 3589 1117 3651 aa·
1175 3623 1180 3630 -
1201 3582 1255 3646 llis
1272 3585 1393 3657 rietatis,
1409 3579 1595 3646 conveniunt
1609 3593 1719 3644 ornnes
1734 3579 1887 3655 catholici,
1905 3587 1936 3644 et
1950 3582 2022 3646 hau·

188 3669 194 3714 ¹
239 3670 385 3755 johelis.
1159 3667 1245 3731 retici
1261 3667 1292 3728 in
1307 3666 1439 3730 duobus.
1458 3665 1567 3733 Primo,
1582 3677 1673 3741 posse
1689 3661 1876 3742 pontiilccm,
1887 3665 1977 3728 etiarn
1991 3671 2024 3730 ut

188 3752 193 3796 ¹
288 3754 500 3817 theodoretus
514 3753 605 3816 etiam
620 3752 700 3816 inter
714 3771 843 3834 graccos
857 3754 961 3816 Patres
975 3753 1117 3816 eruditis·
1162 3749 1339 3828 pontiiloem
1356 3796 1365 3822 ,
1383 3757 1412 3811 ct
1428 3765 1496 3810 cum
1513 3763 1571 3808 suo
1585 3749 1672 3806 coetu
1690 3746 1934 3810 consiliariorum
1951 3796 1959 3822 ‚
1977 3749 2026 3813 rel

188 3836 193 3913 i
248 3837 593 3904 simusadloonenrl.
611 3837 641 3898 in
659 3836 1016 3900 haecrcrhaserihitssi
1030 3836 1115 3899 Pon·
1163 3828 2025 3910 congenerariconcillo,errareincontroversiislactt

188 3921 192 3964 i
249 3921 303 3984 tna
316 3935 435 3998 praeco
448 3922 594 3983 cecitatis
615 3919 694 3982 ttebo
706 3921 906 3982 sanctissimi
924 3920 1059 3998 spiritns
1073 3921 1120 3983 cd
1161 3913 1412 3994 particularibus,
1430 3927 1509 3993 ‘1⁰³0
1524 3927 1560 3974 ei
1575 3909 1810 3984 ῑῐιῐθιῐιιθῑίοιιθ,
1827 3911 2024 3979 testimoniis·

188 4005 193 4077 i
246 4019 410 4081 numam
422 4002 553 4066 Petram
567 4004 722 4075 cccamt,
738 4009 775 4065 tat
786 4003 840 4074 iis,
856 4003 916 4080 qni
929 3999 1119 4066 Antiochiae
1164 4013 1225 4076 oue
1242 3996 1400 4062 homiuum
1415 3994 1579 4076 praecipue
1596 3995 1742 4070 pendent.
1760 3992 1914 4070 Secundo,
1933 4011 2026 4075 posse

188 4087 193 4161 i
246 4088 290 4148 de
304 4086 460 4148 instantis
475 4086 631 4164 tegetibus
646 4084 885 4150 contendebant
901 4132 909 4158 ,
927 4085 1052 4164 abipso
1068 4087 1116 4164 os·
1165 4079 1341 4158 pontttcen
1358 4085 1390 4142 ut
1407 4075 1731 4157 privatnmdoctorcm
1747 4090 1871 4150 errare,
1888 4079 1977 4142 etiam
1993 4081 2025 4144 in

188 4170 193 4215 ¹
248 4172 349 4246 terret
367 4169 585 4247 solationem,
611 4169 833 4247 multomagis
856 4183 918 4230 noa
932 4170 991 4246 qni
1004 4167 1120 4249 obirati
1161 4161 1396 4244 quaestionibus
1408 4161 1488 4242 juris
1503 4158 1737 4232 universalibus,
1754 4163 1814 4220 tarn
1830 4159 1913 4230 ildei,
1931 4178 2024 4240 quam

189 4246 191 4298 t
250 4266 388 4322 mmm,
405 4259 434 4312 et
445 4253 560 4330 pusitii
573 4257 619 4315 od
632 4252 844 4330 apostoticam
857 4256 996 4313 oestron
1009 4252 1119 4314 sedena
1163 4261 1294 4319 luorum,
1312 4246 1404 4323 idque
1420 4259 1456 4308 ex
1472 4241 1690 4325 ignorantiam
1704 4242 1774 4304 aliis
1789 4237 1967 4309 doctoribus
1978 4244 2025 4309 in·

189 4340 192 4417 i
252 4335 441 4405 currimus,
463 4340 499 4396 nt
513 4335 733 4396 Eccleaioracm
744 4333 908 4396 ulceribus
921 4334 1120 4396 nccdictnocn
1162 4329 1283 4390 tendum
1297 4328 1419 4394 accidit.

188 4419 191 4463 ¹
254 4415 379 4480 coola
393 4417 605 4495 complanans.
629 4417 805 4495 Prospectu
820 4413 934 4477 Cicron.
957 4417 1029 4477 anni
1044 4417 1115 4478 tau.
1205 4410 1321 4474 hetnae
1337 4409 1477 4474 catholici
1493 4423 1601 4472 ornnes
1615 4408 1647 4470 in
1663 4405 1731 4468 aliis
1747 4405 1867 4471 duobus
1882 4411 2025 4475 conueni-

189 4534 190 4547 ι
252 4499 400 4570 concilio,
416 4499 627 4579 inquitopnd
639 4498 987 4577 Gorthcpincmhohc'to
999 4500 1118 4562 doomo-
1164 4497 1241 4565 unt,
1259 4509 1320 4556 non
1336 4492 1459 4572 quidem
1476 4508 1546 4554 oum
1561 4487 1743 4563 haereticis,
1760 4489 1814 4552 sed
1831 4491 1929 4554 solum
1946 4494 2026 4558 inter

188 4590 191 4613 ¹
253 4580 1017 4662 tommscmdaeimepiscopomnnodpontiticem
1028 4581 1119 4644 Zoct·
1162 4575 1353 4652 salcime,
1375 4573 1551 4654 pontificem
1572 4591 1641 4637 cum
1657 4573 1794 4652 generali
1816 4575 1947 4638 concillo
1962 4594 2025 4643 non

253 4681 347 4728 manc
359 4665 536 4746 cagnodoic'c
551 4667 679 4727 decreto
690 4664 950 4743 pentateuchus
963 4664 1117 4742 prohetia,
1163 4675 1257 4738 posse
1271 4673 1374 4721 errare
1388 4657 1421 4720 in
1436 4655 1607 4722 condendis
1621 4655 1693 4718 ildci
1710 4654 1852 4729 decretis,
1870 4657 1916 4719 uel
1932 4675 2026 4738 gena·

252 4765 314 4828 per
329 4755 428 4810 tottam
442 4747 605 4809 inondum
626 4748 767 4810 coercete
781 4746 962 4825 Pelagiono
981 4747 1118 4810 wrano-
1164 4741 1282 4804 ratibus
1297 4739 1469 4819 praeceptis
1485 4755 1615 4802 morum.
1630 4739 1963 4816 seconoopontttlccnr
1976 4759 2024 4806 so·

188 4850 191 4863 ·
255 4829 1119 4910 tcmt.llaecttlc.ltonigttorjooiciumotttmonoot-
1162 4825 1240 4895 lurn,
1257 4825 1303 4885 rel
1320 4840 1389 4886 cum
1405 4840 1462 4886 suo
1480 4821 1652 4902 particulari
1668 4820 1799 4884 concilio
1816 4819 1929 4900 aliquid
1946 4825 2024 4892 inre

189 4946 191 4963 ›
255 4930 364 4978 tersus
385 4913 519 4974 mundus
541 4913 613 4993 alihi
632 4921 650 4986 ,¹
663 4929 753 4992 quam
776 4912 807 4973 ln
828 4913 981 4974 sententia
1003 4912 1120 4975 romani
1163 4906 1256 4970 dubia
1271 4911 1453 4970 statuentem
1468 4907 1532 4969 sire
1548 4919 1648 4968 errare
1663 4903 1850 4982 possit,sive
1862 4921 1936 4978 non,
1954 4923 2025 4974 esse

189 4998 191 5045 t
255 4995 411 5079 pontilicis
425 4997 575 5074 agnoscit.
1163 4990 1202 5053 ab
1217 4989 1361 5064 omnihus
1375 4987 1521 5051 fidelihus
1535 4986 1717 5050 obedienter
1732 4985 1931 5049 audiendum.

298 5080 330 5142 S.
354 5077 543 5155 Gregorius,
566 5076 620 5155 qui
634 5075 770 5139 omnium
789 5074 907 5155 judicio
929 5075 1120 5141 humillimus
1206 5071 1324 5146 Quibus
1338 5070 1377 5134 ita
1394 5070 1578 5141 constitutis,
1595 5075 1725 5148 quatuor
1740 5075 1853 5132 tantum
1866 5079 2029 5136 remanent

254 5163 336 5236 luit,
360 5176 462 5240 neque
484 5158 542 5221 sihi
558 5159 672 5238 aliquid
695 5175 828 5236 unquam
843 5164 966 5236 praeter
986 5175 1120 5238 aequum
1163 5153 1302 5218 diuersae
1324 5155 1505 5216 sententiae.
1529 5152 1627 5217 Prinna
1648 5157 1719 5221 cst,
1743 5149 1918 5230 pontificem
1934 5155 2027 5218 ctiam

255 5244 418 5321 arrogavit,
436 5244 465 5303 in
481 5243 562 5319 epist
576 5243 613 5303 ad
628 5258 712 5304 omn.
731 5243 828 5320 episc.
843 5240 969 5314 Galliae,
983 5249 1120 5318 quaeest
1164 5245 1199 5300 ut
1213 5235 1521 5315 pontificemctiarcsi
1538 5251 1606 5298 curn
1622 5235 1757 5315 generali
1773 5235 1904 5298 concilio
1919 5235 2026 5300 defini·

255 5328 309 5390 52.
327 5325 381 5388 lih.
398 5326 427 5387 l.
451 5327 491 5385 ita
509 5327 665 5404 loqaritnr:
688 5325 722 5387 Si
735 5340 836 5404 mom
847 5339 923 5387 uero
945 5329 1119 5388 contentio·
1164 5325 1210 5382 ret
1225 5319 1352 5399 aliquid.
1370 5335 1463 5399 posse
1478 5335 1549 5382 esse
1564 5317 1752 5380 haereticum
1768 5319 1798 5378 in
1815 5333 1849 5380 se
1865 5365 1872 5389 ,
1889 5323 1919 5380 ct
1933 5320 2026 5382 doce·

253 5426 342 5482 nem,
360 5408 450 5490 qnod
467 5407 559 5488 longe
572 5407 673 5484 sonci
688 5408 802 5470 diuino
814 5408 972 5486 potentio,
988 5408 1029 5470 dc
1041 5405 1120 5485 fidei
1163 5417 1198 5465 ra
1213 5402 1289 5466 alios
1304 5403 1501 5486 haeresimat
1516 5401 1555 5464 de
1571 5401 1649 5463 lacto
1664 5399 1828 5480 aliquando
1844 5402 1881 5460 ita
1898 5402 2027 5466 accidis·

189 5534 190 5537 =
255 5509 375 5557 accuso
392 5491 720 5568 cocnirccontigert‘t,
736 5495 794 5552 cot
807 5491 972 5570 negotium
986 5505 1118 5552 emerse-
1163 5484 1313 5562 ceHaccv
1330 5484 1613 5548 esthacrcticorona
1636 5485 1772 5546 omniunt
1793 5482 1887 5562 hujus
1909 5491 2027 5564 tempo·

256 5579 322 5650 n'i,
338 5575 432 5656 coiaco
445 5575 612 5637 calcaneus
626 5574 667 5636 sit
678 5573 814 5650 tortosae
827 5570 975 5636 dumetae
991 5617 1000 5645 ,
1017 5576 1118 5650 cipro
1164 5566 1220 5640 ris,
1237 5573 1268 5630 ct
1283 5570 1448 5646 praecipue
1463 5567 1605 5640 Lutheri,
1623 5567 1673 5646 qui
1691 5563 1721 5626 in
1737 5564 1792 5628 lih.
1811 5565 1848 5626 de
1864 5581 1952 5630 conc.
1971 5584 2024 5630 no·

256 5661 311 5722 sni
322 5657 550 5736 noannoeane
566 5657 694 5736 judicio
709 5658 794 5720 aedis
815 5657 1011 5735 apostolicae
1030 5655 1119 5715 indi-
1165 5649 1236 5710 tavit
1250 5665 1370 5713 errores
1386 5667 1492 5713 eorum
1508 5651 1596 5712 ctiam
1620 5647 1822 5712 conciliorum
1837 5650 2025 5726 generalium

256 5748 331 5822 peot
346 5759 357 5802 :
373 5741 566 5804 maminoto
579 5741 767 5818 diligentins
786 5742 919 5802 carnote
936 5784 944 5811 ,
959 5737 1118 5801 relatione
1163 5748 1243 5806 ouae
1259 5749 1398 5796 summus
1420 5732 1554 5811 pontifex
1568 5730 1746 5810 approbarit
1763 5725 1826 5807 ;'ot
1841 5727 1953 5794 Cairini
1970 5735 2023 5813 qui

256 5841 320 5888 sno
344 5826 390 5888 od
412 5831 556 5886 nostram
580 5824 708 5885 studeat
726 5824 904 5900 perducere
927 5821 1091 5885 notionem
1107 5839 1119 5881 .·
1163 5813 1222 5875 iih.
1238 5814 1269 5876 l.
1286 5814 1361 5876 lost.
1378 5832 1447 5894 cap.
1465 5815 1493 5878 i.
1511 5816 1528 5894 t
1543 5813 1594 5876 28.
1611 5814 1730 5886 asserit,
1748 5813 1910 5894 aliqnando
1926 5816 2024 5892 ponti·

257 5913 418 5989 guctcnats
432 5923 454 5966 c
467 5905 560 5968 nohis
572 5905 679 5966 ootcot
693 5902 1029 5984 coopncoatncdohio
1046 5918 1118 5966 sen·
1164 5893 1254 5958 icem
1276 5914 1344 5962 cunr
1360 5901 1422 5960 toto
1442 5897 1639 5960 cardinalium
1662 5895 1792 5976 collegio
1814 5896 2026 5962 manitesttssl·

188 6028 190 6043 ‹
257 5992 359 6054 tentia
375 5989 556 6053 immineri.
580 5987 666 6064 Quod
683 5987 764 6050 idem
781 5994 811 6046 ct
826 5994 897 6048 arcte
912 5986 1090 6065 Gregoriurn
1108 6033 1117 6059 ,
1165 5993 1246 6042 mant
1260 5981 1413 6044 laacresim
1430 5981 1587 6050 docuisse,
1604 5977 1761 6044 nimirum.
1780 5983 1910 6042 animam
1927 5981 2025 6042 homi·

188 6100 190 6111 ⁴
258 6081 373 6155 etpost
389 6071 567 6150 Gregorinm
594 6069 717 6132 disertis
729 6070 829 6134 rachis
841 6074 1039 6132 asseruerunt
1050 6084 1119 6132 san·
1165 6065 1214 6128 nis
1230 6081 1298 6128 cnm
1315 6079 1442 6145 corpora
1459 6063 1606 6144 extingui:
1620 6065 1700 6144 quod
1715 6062 2025 6127 tamara-maniiestunr

329 6173 496 6231 Baniures.
522 6170 581 6227 Vol.
598 6169 619 6226 Ι.
1777 6161 1810 6217 dl
