4792 7009
931 680 937 726 ἶ
978 690 981 695 ’
1003 687 1101 746 trusit
1118 686 1291 747 SECUNDUS
1909 688 1959 746 383

313 814 484 881 Praeterea.
508 816 540 879 Si
560 812 765 882 antiochenus
789 818 956 899 episcopus
980 820 1069 886 Petro
1094 823 1125 885 iu
1170 823 1225 886 ris:
1252 822 1337 883 illurn
1353 826 1454 883 autern
1477 833 1547 885 esse
1572 834 1730 881 romonum
1760 818 1935 900 pontitleern
1952 870 1959 894 ,
1977 824 2028 883 tru-

271 915 390 962 sumnro
405 899 585 978 pontittcatu
598 902 820 973 successisset,
835 902 954 982 primus
965 906 1125 984 episcopo·
1169 905 1259 967 betur
1274 920 1312 967 err
1325 905 1484 966 traditione
1497 903 1663 980 epostoliea
1679 902 1770 977 Petri,
1782 922 1872 983 quant
1896 904 2028 969 traditio·

266 998 333 1043 rum
346 982 467 1045 luisset.
481 989 511 1044 et
526 985 689 1047 nicaenum
705 984 875 1049 concilium
897 1003 967 1048 can.
982 989 1013 1050 o.
1030 990 1125 1050 ontio·
1169 1004 1240 1050 nent
1254 986 1387 1049 Consilia
1414 984 1569 1067 generalia
1586 1030 1594 1059 ,
1624 984 1800 1063 pontillcuru
1827 987 1948 1049 decretu
1965 1033 1973 1059 ,
1997 994 2028 1048 et

267 1065 401 1125 chenurn
416 1065 596 1144 episcopum
608 1068 729 1136 tertium
744 1068 944 1146 patriarcham
958 1117 966 1143 ,
978 1086 1052 1133 -non
1065 1071 1125 1149 pri·
1169 1070 1289 1132 Parrum
1302 1086 1473 1133 consensus
1489 1068 1660 1144 declararit,
1671 1073 1704 1127 ει
1718 1074 1825 1146 postea
1839 1069 2026 1133 demonstro·

269 1163 365 1220 mern,
381 1163 440 1210 nec
454 1152 625 1211 secundans
640 1149 889 1212 esse'deelarnrit
904 1197 913 1223 ,
936 1153 1016 1215 sieut
1029 1152 1126 1215 lucrat
1170 1154 1264 1214 bitur.

268 1244 404 1307 semper,
421 1246 481 1292 nec
495 1249 629 1311 utiquam
643 1233 819 1295 antiocheni
833 1236 972 1313 episcopi
987 1236 1124 1298 altiorem
1162 1234 1187 1241 ”
1211 1234 1440 1298 Observandum
1456 1238 1503 1295 est
1517 1232 1852 1307 postremozllomanunr
1868 1234 2027 1313 episcopo·

270 1311 592 1387 loetrmoaaesierunt.
670 1349 672 1352 -
922 1344 926 1349 1
1169 1324 1245 1393 turo,
1262 1325 1293 1380 et
1307 1318 1462 1380 Ecclesiae
1475 1316 1634 1378 utrirersae
1650 1314 1944 1397 praefecturam,non
1957 1332 2028 1379 esse

307 1393 345 1455 Ut
359 1406 460 1456 autern
471 1411 522 1457 res
536 1398 613 1459 haec
633 1402 693 1459 tola
708 1396 820 1461 melius
835 1396 1020 1477 intelligutur
1036 1447 1044 1469 ,
1071 1401 1125 1462 ob·
1170 1402 1249 1461 duos
1265 1400 1470 1477 episcopatus
1484 1413 1585 1477 neque
1601 1399 1677 1460 dues
1692 1396 1785 1459 sedes
1802 1445 1810 1469 ,
1840 1398 1899 1458 nisi
1928 1397 1960 1457 in
1973 1411 2026 1475 po·

267 1480 416 1538 servanda
438 1479 683 1557 suntquaedem.
696 1480 809 1555 Primo,
821 1480 905 1543 uliud
920 1498 990 1543 esse
1001 1496 1126 1562 sueces-
1168 1484 1348 1543 tenttallarn
1363 1484 1468 1545 Petrus
1482 1480 1617 1559 pontifex
1632 1478 1724 1541 totius
1738 1478 1893 1542 Ecclesiae
1908 1496 1924 1540 a
1941 1476 2027 1543 Chri·

265 1559 399 1633 sionem,
423 1560 507 1621 atiud
520 1562 667 1625 ratiouern
679 1564 897 1625 successionis:
921 1580 990 1625 narn
1003 1551 1126 1627 s'trcces-
1169 1572 1217 1627 sto
1234 1567 1386 1627 institutus
1402 1580 1462 1625 non
1479 1563 1615 1642 adjuorit
1629 1562 1689 1624 sibi
1711 1562 1921 1641 episcopatum
1937 1560 2028 1625 urbis

262 1640 309 1702 sio
324 1642 442 1703 romoni
458 1644 611 1721 pontilicis
624 1646 656 1706 in
672 1646 880 1728 pontificatum
893 1646 973 1708 Petri
988 1664 1025 1710 ert
1039 1648 1125 1710 insti·
1169 1646 1294 1721 Rornae,
1308 1664 1368 1725 εεο
1384 1648 1473 1711 rnodo
1489 1646 1654 1725 episcopus
1669 1644 1800 1725 alicujus
1817 1644 1875 1707 toci
1888 1644 2028 1725 adjungit

263 1730 332 1784 tuto
347 1723 457 1795 Christi
474 1733 532 1786 est:
549 1729 625 1789 ratio
645 1737 748 1790 autern
766 1730 986 1803 successionis,
1003 1748 1062 1809 εεε
1077 1746 1126 1793 ro·
1170 1730 1228 1790 sibi
1245 1732 1338 1791 aliurn
1353 1731 1576 1807 episcopatum,
1588 1728 1636 1789 rel
1652 1728 1886 1803 cdnonioalum,
1910 1734 1961 1788 aut
1974 1726 2027 1789 ab·

263 1823 378 1868 manos
393 1808 528 1885 pontiles
542 1812 644 1887 potius
665 1828 755 1890 quam
780 1811 992 1885 antiochenus,
1010 1814 1056 1875 rel
1071 1810 1126 1875 oll-
1170 1812 1301 1873 hattona:
1319 1814 1374 1872 sert
1392 1810 1634 1885 romanaeurbis
1649 1810 1859 1889 episcopatem
1876 1810 1974 1871 erexit
1988 1812 2027 1872 ad

262 1888 336 1964 εειε
356 1890 436 1951 ειιεε
450 1894 607 1957 succedat.
623 1908 661 1954 err
674 1894 754 1955 iacto
767 1894 844 1955 l'etri
867 1894 985 1955 initiurn
1007 1896 1124 1959 hebuit.
1170 1910 1323 1957 surornorn
1337 1894 1419 1955 orbis
1434 1900 1530 1954 terroe
1545 1892 2029 1970 pontificatum3qoctuadnrodurn

263 1970 582 2051 Successioinquem,
596 1976 662 2053 ipsa
678 1993 715 2037 ex
730 1976 840 2038 Christi
863 1975 999 2038 instituto
1014 1984 1044 2038 et
1055 1979 1126 2058 jure
1172 1994 1242 2038 cunr
1257 1977 1452 2056 episcopatos
1467 1976 1596 2052 sirnplex
1617 1974 1744 2053 erigitur
1767 1974 1799 2034 in
1822 1974 2028 2053 archiepisco·

260 2047 367 2115 diuino
380 2057 511 2133 est,quie
526 2054 663 2119 Christus
678 2058 887 2136 ipseinstituit
901 2059 931 2119 in
948 2058 1034 2122 Petro
1051 2078 1124 2139 pon·
1173 2066 1288 2139 poturo.
1303 2062 1347 2121 ret
1364 2057 1685 2137 patriarchatumllon
1711 2056 1792 2117 enirn
1819 2056 2025 2143 archiepisco·

261 2134 411 2202 titlcatunt
430 2138 608 2201 duraturum
638 2157 737 2219 usque
766 2142 803 2202 ad
834 2140 925 2202 tinern
950 2143 1055 2203 rnundi
1071 2162 1078 2220 ;
1096 2150 1126 2206 et
1171 2159 1242 2221 pus,
1260 2144 1306 2204 rel
1323 2140 1488 2219 patriarcba
1505 2148 1551 2201 εει
1566 2140 1614 2201 his
1629 2144 1680 2201 aut
1695 2144 1741 2201 ter
1768 2138 1946 2217 episcopus,
1970 2139 2026 2200 sed

260 2217 394 2296 proinde
409 2219 597 2301 unicumque
611 2224 699 2286 Petro
712 2223 862 2299 succedit,
880 2224 1032 2288 achristo
1047 2228 1125 2288 occi·
1170 2226 1268 2287 senrel
1285 2230 1411 2297 tanturn,
1428 2230 1458 2285 et
1474 2224 1504 2283 in
1520 2222 1611 2299 hujus
1626 2222 1670 2283 rel
1691 2220 1835 2299 signum,
1860 2228 1922 2283 obn
1938 2220 2027 2283 datur

263 2300 312 2379 lm
332 2302 553 2379 P⁰ss¹ffi⁰³¹⁰ffl·
835 2337 841 2350 ¹
1168 2308 1304 2387 pontiflci
1320 2312 1440 2368 snrnmo
1457 2306 1515 2366 nisi
1532 2320 1626 2367 unum
1641 2304 1766 2382 pallium
1783 2350 1792 2376 ,
1809 2303 1929 2366 etiamsi
1958 2303 2022 2380 cpi·

305 2383 345 2445 At
359 2400 442 2459 rere,
460 2388 541 2465 quod
554 2387 721 2466 episcopus
736 2404 892 2464 romanus,
921 2391 990 2469 quin
1004 2392 1122 2469 episeo·
1168 2407 1294 2467 scopus,
1326 2389 1604 2465 eremepiseopus,
1635 2384 1802 2465 patriarcha
1831 2394 1862 2449 et
1884 2400 2025 2449 surornus

261 2482 323 2543 pus
337 2482 462 2530 rornnnu
496 2475 555 2543 cst,
567 2470 608 2531 sit
621 2470 699 2533 Petri
713 2488 887 2541 successor,
900 2489 936 2534 ex
952 2475 1029 2535 ιεειε
1045 2475 1122 2536 Petri
1168 2472 1303 2551 pontifex
1319 2476 1374 2535 sit:
1400 2474 1475 2533 traco
1492 2470 1575 2532 eninr
1591 2468 1691 2531 ornnio
1707 2475 1779 2530 suut
1805 2484 1901 2531 uourn
1927 2474 1997 2530 actu
2016 2514 2025 2545 ,

259 2553 362 2609 ortum
375 2549 467 2612 habui
484 2598 503 2619 ,.
521 2569 583 2614 non
606 2570 642 2613 ert
654 2560 751 2632 prima
781 2554 895 2617 Christi
919 2555 1121 2617 institutione.
1169 2562 1199 2616 et
1215 2562 1327 2617 tanturn
1344 2554 1374 2615 in
1391 2554 1524 2631 potentia
1537 2553 1642 2613 rnulta.

260 2630 337 2693 darn
353 2634 505 2708 potuisset
517 2635 624 2696 Petrus
640 2639 753 2699 nuttarn
775 2640 881 2699 sedem
909 2639 1123 2716 particularem
1209 2639 1323 2715 Exque
1345 2638 1509 2716 sequitur,
1534 2642 1565 2695 ει
1591 2634 1642 2713 εει
1668 2630 1794 2711 eligitur·
1820 2646 1967 2695 romanus
1997 2646 2028 2695 c·

264 2712 620 2795 sibiuoquamelipere,
636 2720 716 2781 sicot
743 2720 815 2781 tecit
841 2722 958 2797 prirnus
987 2722 1123 2800 quinque
1167 2720 1402 2799 piscopos,·ce
1425 2721 1492 2797 ipso
1513 2717 1551 2779 sil
1577 2716 1714 2796 pentiicx
1743 2730 1881 2775 summus
1913 2712 2026 2775 Eccle-

256 2794 365 2871 annis,
380 2804 412 2858 ct
426 2805 498 2859 tunc
513 2800 661 2862 rnorieotc
672 2802 781 2873 Petro,
806 2820 867 2863 non
889 2804 1055 2882 episcopus
1074 2821 1121 2867 ro·
1167 2806 1231 2865 stare
1248 2804 1354 2873 totius,
1372 2802 1490 2863 etiarnsi
1506 2801 1582 2861 torte
1598 2800 1627 2859 id
1644 2812 1704 2858 non
1720 2799 1891 2875 exprimant
1905 2794 2025 2859 electo·

257 2893 394 2951 manus,
418 2895 521 2959 neque
545 2883 749 2946 antiochenus
772 2885 1000 2960 successisset,
1028 2888 1122 2949 sedis
1166 2903 1228 2947 res.
1247 2886 1306 2947 Sed
1319 2886 1383 2965 iarn
1398 2884 1454 2945 ltili
1467 2888 1497 2945 et
1512 2880 1624 2945 Caluini
1639 2878 1866 2959 objectionibus
1895 2894 2025 2958 respon-

255 2961 1122 3047 quernlleclesiosibielcgissetl'otuissctqnoqucscrn·
1167 2970 1307 3031 dearnus.
1841 3042 1847 3057 ⁹
1953 3043 1959 3057 Ι

257 3056 455 3114 permonere
469 3044 659 3119 antiochiae,
675 3056 707 3111 et
732 3056 805 3111 tunc
832 3050 1034 3113 antiochenus
1052 3052 1122 3115 sine
1208 3050 1305 3113 Prinna
1331 3050 1388 3113 Nili
1414 3048 1559 3129 objectio.
1585 3048 1737 3107 Romanus
1762 3043 2025 3123 ponttiexprrmo·

256 3120 358 3185 dubio
368 3129 585 3190 successisset:
598 3130 669 3207 εειε
684 3144 755 3193 sero
775 3132 890 3193 honae
911 3133 1120 3207 sedebunt,
1167 3139 1232 3194 turn
1248 3133 1352 3195 babuit
1378 3132 1570 3203 sideribus,
1600 3144 1637 3191 eo
1663 3126 1745 3207 quod
1774 3143 1810 3189 ce
1837 3126 1942 3189 civitas
1972 3129 2025 3189 toli

255 3212 289 3267 et
305 3209 404 3269 tonuit
418 3213 570 3287 usquead
584 3220 726 3289 rnortcrn3
742 3215 815 3277 iude
827 3215 940 3275 lectum
952 3222 1010 3289 cst,
1025 3224 1060 3278 ut
1074 3234 1121 3279 ro·
1168 3216 1234 3279 orbi
1250 3222 1346 3279 ternio
1362 3215 1525 3293 iorperaret
1542 3260 1550 3287 ,
1567 3218 1599 3273 ut
1620 3210 1751 3288 trepidans
1773 3210 1805 3270 in
1830 3207 1924 3305 Gonc.
1941 3210 2023 3271 ebal·
2049 3186 2120 3311 [is

196 3299 197 3308 ¹
257 3305 373 3351 manus
384 3292 519 3368 pontiicx
533 3294 564 3355 ei
577 3296 734 3357 succedat.
1167 3300 1236 3360 ced.
1260 3304 1319 3360 act.
1337 3298 1386 3360 ib.
1403 3314 1465 3359 non
1480 3298 1570 3377 igitur
1581 3294 1611 3356 id
1626 3290 1874 3355 babuisenl'ctrt
1900 3308 2026 3355 succes·

299 3371 339 3432 Et
353 3374 498 3450 quoniam
512 3386 539 3437 ε.
556 3377 718 3455 llorcettus
734 3394 810 3457 papo
834 3378 865 3440 in
887 3380 979 3457 epist.
1009 3381 1046 3442 ad
1062 3381 1122 3443 in·
1168 3381 1268 3442 sione.
1709 3405 1714 3413 ·

256 3453 356 3516 tiocb.
373 3457 491 3527 scribit,
515 3458 635 3520 Petrorn
647 3460 776 3522 Domino
784 3461 914 3540 jubente
928 3464 1050 3525 senisse
1066 3465 1121 3527 lto·
1207 3462 1404 3541 liespondeo:
1421 3461 1579 3522 decretum
1594 3458 1670 3521 illud
1686 3456 1878 3537 illegitimum
1897 3454 2021 3547 luisses,

256 3553 358 3614 uram,
387 3547 456 3601 ets.
468 3540 646 3604 Ambrosius
669 3543 701 3604 in
716 3544 801 3606 Orat.
825 3551 907 3606 cont.
935 3545 1080 3620 durent,
1093 3552 1126 3609 et
1166 3547 1247 3623 quod
1264 3545 1500 3607 reclamantibus
1515 3543 1553 3603 iis
1567 3542 1619 3620 εει
1638 3541 1774 3603 Concilio
1803 3538 2023 3615 praesidebant

253 3618 446 3683 Athanasius
460 3622 492 3683 in
507 3624 592 3702 Apol.
609 3626 750 3703 pro-tuga
775 3643 849 3698 sua,
866 3627 984 3700 dicunt,
1001 3628 1122 3691 Petrum
1167 3632 1280 3690 tanturn
1295 3628 1344 3690 sit.
1362 3628 1421 3688 Sed
1435 3627 1474 3687 de
1490 3626 1547 3688 hoe
1563 3626 1648 3703 plura
1664 3625 1695 3685 in
1708 3641 1776 3701 cap.
1793 3620 1844 3683 at.

254 3700 374 3763 Christi
383 3700 475 3781 jusso
489 3706 601 3767 Rornae
615 3710 981 3787 martyrium‘pertntisse3
998 3726 1059 3772 non
1076 3721 1124 3774 cst
1212 3711 1351 3773 Secundo
1369 3708 1514 3787 objectio.
1537 3708 1692 3769 Romanus
1717 3722 1793 3785 papo
1815 3720 1876 3766 non
1891 3708 1938 3766 est
1952 3720 2024 3784 apo·

254 3783 479 3862 improbabile,
496 3787 659 3850 Dominam
681 3791 773 3853 etinnt
798 3798 902 3866 aperte
928 3793 1124 3872 jussissent
1167 3796 1276 3863 stolus,
1294 3792 1350 3855 sed
1366 3794 1530 3870 episeopus
1546 3797 1671 3851 tentant:
1696 3804 1756 3849 nun
1787 3788 1868 3850 enirn
1892 3786 2023 3865 apostoli

251 3868 370 3929 sedern
391 3883 478 3929 suurn
493 3870 601 3932 Petrus
616 3873 654 3932 ita
678 3872 788 3951 figeret
808 3874 943 3951 Rornae,
973 3882 1006 3937 ει
1025 3892 1124 3937 roma·
1167 3876 1324 3952 apostolos
1338 3875 1539 3947 ordinarunt,
1566 3872 1621 3934 sed
1651 3876 1789 3949 pastores
1810 3875 1841 3931 ει
1859 3870 2024 3945 doctorcs;

254 3965 320 4013 uus
337 3949 702 4027 episcopus-obsoluteei
731 3957 923 4018 succederet.
954 3956 1015 4019 Sed
1037 3958 1123 4036 quid·
1167 3959 1511 4039 igiterpepnrotnnnus
1527 3971 1586 4015 non
1612 3952 1751 4017 succedit
1779 3953 1865 4012 Petro
1894 3951 1924 4011 in
1951 3968 2023 4045 apo·

248 4031 334 4109 quid
357 4033 396 4093 de
411 4034 470 4094 boc
491 4037 667 4105 sie-saltent
679 4038 736 4099 ista
749 4039 826 4099 ratio
838 4040 1046 4101 successionis
1062 4056 1123 4103 noo
1169 4042 1275 4103 stolico
1308 4044 1482 4118 potestate,
1519 4053 1598 4117 qrrae
1627 4036 1659 4097 in
1692 4050 1816 4095 omnem
1855 4033 2023 4094 Ecclesiam

248 4120 303 4175 εει
319 4115 470 4257 es'prilrno
485 4117 676 4183 institutione
696 4122 891 4199 pontillcatus
908 4168 916 4197 ,
934 4137 1013 4201 quoe
1037 4122 1070 4184 in
1091 4138 1122 4186 e·
1170 4128 1256 4199 erat,
1279 4122 1335 4185 sed
1365 4122 1465 4185 solunt
1493 4120 1525 4183 iu
1552 4134 1678 4181 rontano
1700 4115 1876 4197 particulari
1902 4114 2022 4193 episco-

250 4212 407 4271 rangcro
434 4199 544 4275 egitur.
680 4222 684 4229 ·
762 4228 765 4240 ·
1191 4214 1254 4267 utu.

295 4281 598 4361 ttbserrandoonest
611 4286 762 4348 secundo:
778 4286 897 4349 tametsi
913 4286 989 4347 torto
1003 4302 1065 4349 non
1080 4288 1121 4350 sit
1163 4224 1189 4323 ‘p
1207 4287 1407 4365 Respondeo:
1423 4286 1453 4347 in
1469 4283 1636 4363 apostolatu
1649 4281 1703 4343 tria
1725 4278 1887 4342 contineri.
1910 4278 2022 4353 l‘rinro,

250 4360 294 4423 dc
308 4361 385 4438 jure
399 4363 513 4427 diuino.
526 4380 684 4429 romonum
700 4366 960 4449 pontitlcenr,quia
975 4384 1119 4433 romanus
1163 4370 1263 4450 utqui
1278 4371 1434 4449 apostolus
1449 4374 1505 4441 εει,
1515 4368 1554 4429 sit
1569 4366 1760 4427 immediatus
1772 4364 1854 4425 verbi
1869 4363 2019 4456 minister,

246 4442 466 4521 pontifexest,
482 4447 572 4530 Petro
586 4451 755 4513 succedere
778 4450 810 4512 in
836 4451 1119 4529 praefecturamto·
1135 4478 1139 4487 ·
1163 4455 1204 4514 ita
1221 4459 1253 4515 ει
1266 4454 1304 4514 ab
1317 4452 1384 4531 ipso
1399 4452 1463 4512 lieo
1475 4451 1583 4512 doetus
1599 4450 1649 4523 sit,
1673 4453 1703 4507 ει
1717 4461 1822 4509 sacros
1834 4444 1934 4539 libros·
1945 4460 2021 4507 scn-

247 4527 318 4587 tius
333 4526 496 4589 Ecclesiae
511 4535 638 4603 3-tatnen
659 4533 772 4613 siquis
796 4532 937 4597 absolute
952 4541 1055 4613 petat,
1078 4552 1118 4597 an
1162 4536 1239 4598 here
1252 4536 1360 4613 possi13
1377 4542 1407 4596 et
1422 4536 1481 4595 boc
1496 4535 1627 4596 latentur
1650 4545 1711 4591 non
1736 4542 1900 4591 conventre
1926 4542 1958 4589 nt
1974 4542 2024 4589 ro·

242 4607 324 4687 juro
336 4608 443 4670 divino
456 4624 603 4674 romanus
617 4616 753 4691 pontifex
780 4622 885 4695 pastor
908 4616 949 4678 sit
969 4622 1000 4679 ει
1027 4624 1119 4695 capot
1162 4634 1289 4682 manum
1300 4617 1486 4696 pontificem:
1502 4613 1667 4677 nonenim
1683 4623 1812 4678 neeesse
1828 4615 1886 4681 cst,
1900 4614 1933 4671 ut
1948 4626 2024 4691 quo·

197 4770 202 4780 Ι
246 4690 351 4751 totius
366 4688 537 4769 Ecclesiae3
552 4697 757 4760 omninoesse
771 4698 802 4760 id
818 4699 1030 4761 asserendum.
1044 4698 1118 4761 Nem
1163 4702 1237 4763 tidie
1252 4715 1349 4762 norae
1363 4699 1565 4761 revelationes
1578 4698 1747 4758 habeantur
1763 4741 1771 4768 ,
1802 4698 1833 4755 et
1846 4730 1850 4737 ·
1861 4692 1930 4754 nori
1952 4693 2023 4755 libri

246 4775 289 4833 ad
306 4773 374 4833 hoc
395 4773 472 4835 nihil
487 4776 572 4854 aliud
587 4779 761 4857 requiritur,
778 4797 868 4860 urrant
893 4787 927 4844 ut
953 4782 1020 4860 ipso
1048 4798 1118 4845 suc·
1164 4782 1440 4846 sacriscribnntur.
1633 4778 1636 4785 '
1728 4790 1753 4827 “-
1853 4790 1887 4869 j

245 4854 363 4917 cessio
374 4855 465 4918 sitde
478 4857 549 4936 jure
563 4858 682 4936 divino,
699 4862 759 4924 hoc
773 4871 820 4924 εει
836 4910 844 4931 .
871 4870 904 4924 ut
931 4864 1118 4927 ordinarium
1205 4865 1360 4940 Secundo,
1378 4872 1410 4926 nt
1424 4863 1475 4944 εει
1488 4860 1645 4941 apostolus
1660 4864 1718 4930 est,
1740 4856 1896 4921 Ecclesiae
1908 4856 2021 4936 eonsti-

243 4938 393 5000 oilieiuur
408 4936 578 5003 Ecclesiam
590 4944 762 5006 universam
774 4963 843 5008 curo
854 4962 974 5009 summa
985 4954 1116 5025 potcsta—
1164 4954 1239 5019 tuat,
1253 4955 1283 5009 et
1295 4947 1384 5009 idom
1400 4952 1548 5025 propaget
1563 4944 1592 5005 in
1607 4944 1644 5005 iis
1659 4942 1753 5011 loeis,
1771 4940 1823 5001 ubi
1853 4956 2021 5019 numquam

244 5027 279 5083 te
296 5018 497 5099 gubernandi
514 5026 628 5087 nonsit
641 5026 679 5087 ub
695 5027 943 5101 honrirtibus,sed
958 5028 1116 5092 alienior·
1161 5033 1228 5094 ioit:
1245 5038 1275 5092 et
1290 5032 1348 5091 hoo
1363 5030 1399 5090 etl
1411 5046 1569 5091 rornrruuru
1586 5023 1760 5105 pontitlcenr
1782 5022 1937 5101 pertinere
1955 5068 1963 5095 ,
1990 5032 2022 5083 ct

241 5102 391 5165 mediate
406 5103 588 5168 institutum:
601 5109 633 5170 id
656 5118 757 5173 autern
778 5112 818 5174 itu
841 5128 932 5188 esse,
954 5128 1048 5191 supra
1063 5114 1116 5176 de·
1161 5116 1238 5175 ratio
1253 5120 1284 5175 et
1298 5112 1483 5191 experientia
1495 5115 1560 5189 ipsa
1577 5126 1633 5168 nos
1645 5108 1745 5193 docel.
1762 5106 1883 5175 llantob
1899 5109 2020 5182 aposto·

242 5184 506 5249 monstravimus·
597 5214 603 5221 ·
1162 5196 1232 5258 licis
1247 5195 1447 5275 ternpuribns,
1464 5192 1514 5272 qui
1531 5190 1685 5253 Ecclesiae
1701 5188 1901 5249 iunrlovcrunt
1916 5189 1947 5247 in
1971 5204 2021 5248 ro·

287 5267 530 5359 Obsereaodam
544 5276 593 5333 est
605 5272 705 5335 tertio.
735 5275 821 5339 Licet
843 5277 920 5339 torte
945 5294 1007 5339 non
1024 5279 1064 5338 sit
1077 5278 1119 5340 dc
1163 5278 1218 5340 riis
1233 5280 1369 5356 partibus
1384 5278 1467 5338 urbis
1479 5284 1589 5349 terrae,
1605 5280 1636 5335 et
1650 5272 1750 5343 adbuc
1764 5270 1855 5331 leodio
1868 5268 2016 5345 tondunt,

240 5351 320 5432 jure
337 5349 621 5424 drrroo,ronanum
632 5356 809 5433 pontificem
822 5365 857 5421 ut
871 5374 1029 5423 romaneto
1040 5378 1117 5440 pon·
1163 5361 1282 5423 romarii
1297 5360 1458 5439 porditlecs
1475 5357 1606 5419 itrerunt.
1989 5432 1996 5445 ι

242 5433 374 5495 tificetn
389 5430 478 5494 Petro
488 5438 670 5513 succedere3
683 5444 785 5502 tauron
800 5442 831 5503 id
853 5443 890 5503 ad
905 5442 999 5505 iidern
1013 5446 1118 5505 calbo
1205 5442 1316 5504 Tertio.
1329 5450 1362 5504 ut
1378 5442 1429 5522 εει
1441 5440 1597 5520 apostolus
1613 5442 1680 5513 est,
1697 5442 1848 5527 sunrrnanr
1864 5432 1973 5494 hebent
1989 5446 2020 5494 rrt

241 5516 345 5579 licam
358 5515 532 5592 pertinere:
548 5534 611 5580 uon
625 5522 707 5581 eninr
720 5530 768 5585 est
777 5525 861 5585 idern
874 5569 882 5598 ,
904 5526 1020 5605 aliquid
1046 5540 1118 5587 esse
1164 5538 1286 5585 onrneur
1301 5524 1470 5587 Ecclesiam
1483 5526 1681 5603 potcstaternt
1697 5527 1788 5595 atquc
1803 5516 1832 5576 td
1845 5528 1967 5593 quoquc
1982 5516 2021 5577 ad

241 5599 285 5661 de
301 5597 386 5669 lide,
403 5604 434 5659 et
447 5600 569 5663 csscde
577 5603 648 5682 jure
663 5604 779 5668 (lirino.
802 5606 865 5669 llcc
878 5608 960 5669 enirn
985 5608 1025 5670 de
1047 5607 1122 5685 jore
1162 5622 1322 5670 romonum
1338 5606 1513 5686 pontineem
1529 5604 1682 5683 pertinere
1699 5598 1913 5667 contendimus
1926 5616 1960 5659 ea
1976 5616 2021 5659 ra·

243 5681 360 5743 divino
376 5678 443 5753 luit,
465 5688 499 5743 ut
511 5682 625 5747 Paulus
638 5687 769 5751 haberet
782 5689 939 5767 penulam:
955 5698 1004 5752 cst
1018 5698 1120 5752 tornea
1165 5692 1250 5751 tione
1267 5736 1275 5763 ,
1304 5688 1373 5765 εειε
1400 5689 1487 5751 Petro
1512 5687 1674 5758 succedit,
1705 5685 1737 5743 ln
1749 5698 1810 5759 (ιιι)
1827 5682 1915 5775 ,hiet
1931 5686 2017 5774 9⁰¹9·

242 5763 311 5827 hoc
327 5762 437 5840 ipsum
453 5763 580 5841 deiide,
598 5768 724 5831 Paulum
738 5772 885 5834 habuisse
899 5774 1054 5851 penulam.
1071 5772 1122 5833 Et·
1166 5777 1230 5835 stas
1253 5770 1403 5834 ordinario
1433 5776 1479 5833 εει
1496 5818 1504 5847 ,
1521 5786 1583 5831 εεε
1605 5767 1744 5845 delegata
1770 5770 1802 5827 ut
1826 5780 1857 5823 ιε
1873 5764 2024 5842 apostolis

240 5846 273 5909 si
290 5851 405 5907 autern
420 5860 579 5910 rumenam
602 5854 780 5929 pontiilccnr
809 5856 979 5918 succedere
1005 5854 1118 5930 Petro,
1167 5855 1308 5918 caeteris.
1735 5884 1740 5893 ·

243 5944 316 5991 non
331 5926 484 5993 habeatur
498 5944 645 6010 expresse
658 5934 877 6017 inscripturis:
896 5943 998 6000 tamen
1012 5954 1120 5999 succe·
1207 5938 1310 6013 ιιεεεε
1329 5935 1385 5998 Nili
1404 5936 1616 6015 argumentum
1638 5928 1803 6003 concludit,
1828 5945 1897 5989 cunr
1922 5928 1974 5999 eit,
1991 5944 2021 5989 a·

243 6012 327 6076 dere
341 6008 479 6091 aliquem
493 6013 582 6080 Petro
593 6016 755 6084 deducitur
766 6021 924 6087 euidenter
938 6019 1121 6101 etScripte·
1167 6022 1280 6102 postoli
1295 6036 1356 6085 uon
1370 6020 1536 6100 apostolos,
1554 6018 1610 6081 sed
1632 6019 1769 6095 pastores
1785 6012 2024 6078 constituerunt,
