4792 7009
1043 831 1232 894 Putdrorto
1914 833 1964 894 tit

254 969 472 1040 tissimeccrte
488 966 583 1045 euim,
596 965 911 1034 ataiiaiutsrimiooa
924 972 1110 1062 preteream,
1157 966 1292 1033 oorboat
1317 983 1471 1048 oposcmc.
1490 965 1579 1044 Quid,
1603 979 1731 1048 quaeso,
1754 969 1803 1034 ret
1817 968 1956 1048 sentiret,
1972 969 2024 1034 rei

254 1093 352 1156 ictor.
367 1087 420 1150 211.
436 1104 506 1150 coru
521 1086 705 1150 Paoiuseit:
719 1086 837 1165 iicperc
850 1085 1029 1166 Hcctssiom
1042 1084 1113 1159 Dei,
1158 1085 1276 1149 diceret
1295 1085 1377 1160 atiud
1399 1087 1497 1161 irtus,
1515 1085 1541 1146 si
1563 1085 1602 1146 ab
1620 1084 1725 1146 interis
1742 1101 1824 1148 nuuc
1840 1087 2021 1150 exsisteret?

253 1220 350 1287 auom
363 1203 534 1284 osmrdioit
546 1204 710 1284 scopatae
723 1216 805 1279 sou,
822 1216 884 1266 non
899 1201 1038 1278 Panem,
1054 1201 1113 1264 sed
1156 1199 1230 1264 iiam
1251 1207 1311 1264 tota
1334 1201 1384 1264 itta
1401 1201 1577 1283 tragoedia,
1594 1217 1674 1282 quae
1689 1200 1860 1264 Ecclesiam
1876 1209 1919 1264 tot
1933 1203 2024 1266 aunis

251 1321 359 1384 Fitiuur
372 1321 471 1384 lisura
483 1320 626 1382 absotuts
642 1325 739 1382 sucat.
877 1343 881 1348 ·
1157 1319 1272 1382 misero
1286 1319 1413 1390 vexarit,
1429 1337 1465 1382 ac
1481 1319 1617 1393 vastarit,
1635 1326 1760 1398 propter
1775 1319 1854 1382 nane
1869 1336 1961 1385 uuam
1973 1337 2024 1382 ro·

286 1437 492 1502 incautione
511 1437 586 1499 item
606 1437 644 1498 ad
659 1436 735 1498 ittud
756 1433 1001 1515 metipsum
1020 1434 1111 1514 repi-
1155 1447 1223 1494 cem
1246 1433 1373 1496 excitate
1394 1439 1461 1514 est3
1477 1451 1547 1498 cum
1561 1435 1665 1498 Patres
1682 1434 1827 1497 catuottct
1847 1434 1924 1496 uiuit
1941 1434 2024 1509 aliud

249 1569 324 1619 som
339 1553 516 1617 arbitratus
526 1558 573 1616 est
582 1567 694 1616 essese
705 1551 876 1632 ospaotcos
886 1550 962 1614 neo:
977 1550 1110 1614 Primum
1156 1551 1223 1613 suis
1237 1551 1323 1616 tibris
1338 1559 1368 1615 et
1383 1551 1531 1617 Concittis
1543 1559 1741 1626 conarentur,
1754 1569 1846 1632 quam
1859 1552 1939 1614 hauc
1951 1568 2025 1615 scu·

250 1688 316 1734 com
330 1671 492 1733 Hanimino
506 1670 619 1733 driano
634 1668 769 1749 exponit,
784 1669 854 1732 Hom
865 1669 1038 1746 sorapooit
1048 1668 1112 1730 sitsi
1157 1667 1461 1744 tentiam-stabilire,
1480 1685 1558 1748 quse
1574 1669 1724 1732 Christum
1741 1668 1927 1734 homousion
1943 1667 2024 1732 Patri

250 1801 320 1850 cum
339 1785 405 1850 Deo
425 1786 672 1867 nereditatem.
692 1783 813 1847 Deinde·
825 1783 931 1846 addita
953 1782 1027 1846 Soio
1041 1800 1110 1846 me·
1155 1797 1226 1845 esse
1243 1783 1343 1859 docet,
1359 1784 1512 1848 Haeretici
1525 1791 1630 1848 contre
1643 1786 1719 1848 nihii
1731 1786 1814 1850 atiud
1827 1785 1936 1850 docem
1949 1800 2024 1848 coo·

248 1920 323 1985 pnes
345 1909 504 1977 auctores,
519 1901 695 1979 Hiiuriwa,
710 1900 941 1982 domesticam.
957 1909 994 1964 ot
1008 1908 1109 1964 eucte-
1155 1899 1309 1964 cittauutts
1324 1901 1402 1974 suis,
1417 1900 1480 1980 igni
1496 1917 1620 1981 quoque
1635 1909 1666 1964 et
1680 1903 1772 1976 terro,
1786 1903 1880 1966 armis
1892 1909 1923 1966 et
1935 1917 2022 1966 exer·

248 2036 298 2084 sos
312 2027 458 2096 iocerne,
474 2021 521 2082 sic
533 2021 755 2099 mtmprctori,
772 2019 839 2082 don
851 2020 1009 2098 rupicum
1023 2018 1110 2082 orbi·
1155 2016 1268 2080 eittuus
1283 2017 1569 2098 molirentur,quam
1584 2033 1691 2082 rocem
1706 2019 1786 2084 hanc
1802 2019 1932 2082 condem
1948 2017 2020 2082 abo·

249 2141 348 2200 tratres
370 2143 434 2214 est,
458 2138 548 2218 prod
568 2141 650 2200 esset
661 2136 810 2216 ocpaotis
822 2135 911 2198 dico:
925 2151 1008 2198 onas
1021 2136 1110 2215 meod
1154 2132 1232 2197 lere.

249 2259 315 2317 csot
327 2260 480 2328 amarae,
495 2253 931 2333 desperatissimam,
947 2268 1022 2315 com
1033 2258 1114 2316 esset
1195 2249 1258 2313 Sed
1279 2249 1439 2314 audiamus
1462 2250 1626 2315 inauditam
1643 2251 1826 2314 calumniam
1842 2255 1874 2314 et
1888 2250 2017 2314 mendas·

247 2372 286 2436 in
297 2372 402 2451 torma
414 2371 483 2443 tici,
496 2371 622 2445 horest,
638 2384 712 2432 cum
722 2385 797 2433 rere
811 2373 891 2432 esset
902 2368 1002 2432 Dens:
1012 2374 1111 2450 utque
1157 2369 1241 2429 cium
1256 2366 1398 2448 ejusdem
1411 2367 1549 2431 Lutuert.
1566 2367 1602 2430 ia
1617 2368 1727 2432 codem
1743 2373 1847 2430 cortina
1863 2365 2021 2432 catomum

248 2488 560 2568 huocpruectpuom
573 2486 692 2550 dudem
706 2486 843 2557 ctoooos,
857 2485 1112 2566 quocondciuas·
1157 2483 1238 2544 tibro
1260 2483 1413 2558 rtitrmat,
1437 2484 1517 2546 hano
1540 2485 1637 2562 ipsam
1660 2501 1767 2548 rocem
1783 2485 1819 2548 δ’,
1834 2484 2025 2564 Hieronymo

247 2611 298 2668 tor
317 2603 456 2678 trioni,
478 2604 538 2685 paci
556 2603 663 2666 sotum
682 2601 811 2666 Putrem
829 2603 1030 2667 omcootuast
1043 2619 1110 2668 esso
1155 2600 1366 2680 displicuisse,
1380 2601 1463 2680 quod
1478 2601 1586 2666 nescio
1598 2600 1671 2682 quid
1684 2601 1795 2664 ueneni
1808 2603 1901 2664 tatere
1914 2600 1945 2664 ia
1957 2599 2021 2680 spis

247 2718 356 2784 Ham.
378 2718 616 2802 Atqrsisc'ocris
639 2735 736 2800 opere
755 2719 807 2798 ios
821 2725 883 2793 est,
899 2722 981 2800 quid
995 2724 1109 2801 mnprra·
1154 2717 1233 2780 tarbis
1255 2717 1461 2782 arbitraretur.
1484 2716 1589 2797 Neque
1609 2718 1668 2782 troc
1681 2717 1816 2782 Luthero
1832 2733 1887 2798 per
1902 2715 2020 2796 incogi·

246 2839 353 2903 riceii
365 2835 489 2902 Porcina
506 2839 639 2913 dinato,
651 2841 768 2902 sisaran
780 2838 864 2902 Deus
879 2847 958 2902 esser
970 2845 1106 2909 natura,
1152 2833 1460 2914 tsrsiaunmutlapsum
1476 2835 1583 2897 calami
1598 2834 1751 2898 excidisse
1767 2841 1921 2916 putemus:
1937 2832 1968 2896 id
1985 2847 2017 2895 c·

244 2956 404 3022 iatettemit
411 2958 449 3020 id
458 2971 528 3021 nota
539 2971 607 3019 esse
620 2956 775 3035 copiose,
785 2954 845 3018 troc
856 2961 912 3030 est,
925 2958 1015 3019 rsooit
1023 2958 1108 3038 scip·
1152 2949 1216 3011 uim
1239 2965 1361 3014 rursum
1383 2949 1548 3030 repetitio
1569 2949 1649 3014 tibro
1670 2950 1709 3014 de
1732 2949 1877 3014 Conciiiis
1891 2950 1923 3012 in
1938 2949 2016 3012 huso

244 3075 332 3135 mm?
344 3073 435 3137 titssd
448 3078 559 3134 eatam
572 3077 771 3151 comportem
785 3081 841 3142 cst,
855 3087 1023 3153 earpamm
1036 3091 1107 3138 ma·
1150 3067 1244 3128 rerba
1258 3083 1266 3126 :
1290 3065 1428 3130 Sanctus
1442 3067 1659 3150 Hieronymus
1673 3067 1877 3136 retenentur
1888 3071 2016 3146 pertur-

238 3187 342 3264 J'orem
354 3185 506 3266 miseriori
520 3186 829 3266 scripseramne,
845 3203 947 3268 pacm
959 3187 1107 3254 niteam
1149 3179 1243 3246 dadas
1267 3182 1488 3248 tomootoba'tes
1510 3185 1619 3248 literas
1639 3185 1797 3250 scridebat
1817 3187 1863 3250 od
1884 3184 2016 3266 Episco-

243 3303 548 3383 troersticisnpcntos
560 3303 646 3368 aiiii
658 3305 969 3385 aoodctorpaermss
983 3307 1107 3370 odoie-
1147 3301 1426 3380 consonandum
1449 3303 1649 3378 timnosum,
1666 3308 1696 3366 et
1708 3303 1859 3382 carpistm
1889 3316 2016 3382 emptore·

241 3421 368 3497 terium
384 3420 512 3484 temetsi
522 3435 593 3483 ooo
604 3420 858 3501 videoquidiaic
871 3422 960 3485 loeas
969 3424 1106 3504 proprie
1148 3419 1391 3499 pioocodutum
1403 3433 1556 3500 oposctcc.
1574 3421 1652 3500 Quid
1668 3420 1816 3486 iaciemus
1833 3418 2015 3484 hominibus·

241 3539 341 3616 facim
362 3539 519 3601 womaro
539 3537 690 3601 Ariassos
705 3536 826 3614 Quaeso
841 3544 892 3614 te,
910 3537 1034 3603 Erasme
1046 3585 1058 3616 ‚-
1072 3542 1101 3604 si
1149 3537 1284 3618 istis,qui
1299 3553 1438 3602 cromam
1453 3555 1513 3602 non
1526 3544 1658 3618 querunt
1671 3537 1749 3602 tueri
1759 3535 1923 3610 suam,nisi
1934 3535 2021 3605 iruu‹

240 3654 466 3718 mercedemab
479 3653 962 3733 sriaaisaecepismspcrerasae
973 3657 1105 3738 diiigen-
1151 3654 1243 3718 dibus
1259 3661 1289 3718 et
1303 3655 1500 3720 mendaciis?
1519 3656 1592 3719 Ham
1608 3656 1640 3720 S.
1656 3651 1863 3737 Hieronymus
1879 3670 1916 3718 eo
1931 3655 2012 3730 ioco,

238 3771 295 3834 tius
310 3787 456 3834 caussam
471 3770 596 3834 iliorum
608 3770 723 3869 operosi
736 3770 901 3851 dupustini
916 3772 1103 3839 catholicam
1149 3789 1242 3852 quern
1264 3771 1415 3836 iutherus
1437 3773 1577 3852 adducit,
1587 3773 1641 3855 qui
1656 3773 1750 3838 estin
1766 3773 1901 3854 epistota·
1911 3773 2018 3854 priore

239 3888 476 3968 erpticstionem
492 3886 634 3961 reicitis,
646 3887 798 3950 Haatmioi
815 3889 953 3952 trionum
969 3894 1104 3972 ampiec·
1151 3890 1191 3952 ad
1203 3890 1364 3954 iiamasum
1381 3891 1420 3954 de
1435 3891 1665 3972 trypostasibus,
1681 3891 1713 3954 iu
1729 3907 1804 3954 noce
1825 3889 2013 3972 tappostasts,

237 4005 321 4067 teris.
344 4003 437 4066 Hunc
448 4003 549 4068 iocum
565 4004 760 4083 praecipuam
775 4019 847 4068 csse
861 4005 980 4068 ciarum
995 4008 1103 4072 cattio·
1150 4023 1216 4070 oon
1226 4009 1257 4072 in
1271 4025 1345 4074 noce
1357 4009 1548 4085 homousios,
1562 4008 1822 4072 uenenum-tatere
1834 4007 2014 4088 dicitquod

237 4119 368 4183 diuorum
390 4126 494 4183 contra
516 4120 620 4184 aarum
638 4135 702 4184 uon
724 4137 819 4201 negas
834 4129 892 4195 ,et
905 4126 1008 4188 maten
1024 4127 1104 4194 uauc
1150 4143 1187 4190 cs
1212 4143 1268 4192 roa
1293 4127 1435 4208 ambigua
1451 4127 1505 4204 sit,
1519 4131 1549 4194 et
1563 4131 1624 4190 taut
1639 4139 1820 4205 personam,
1833 4139 1925 4206 quam
1939 4123 2017 4188 sobe

237 4235 333 4315 ipsam
355 4235 470 4298 ctarom
492 4237 568 4298 nituit
584 4238 686 4300 rateto
699 4238 800 4315 dicis3
817 4241 889 4319 quid
907 4256 980 4321 erpo
994 4250 1099 4322 restat,
1149 4247 1290 4308 stantium
1317 4245 1491 4325 signiiicure
1517 4243 1631 4324 possit..
1652 4243 1842 4322 Tantumque
1862 4241 1964 4316 abest,
1980 4246 2013 4304 ut

236 4357 267 4414 ut
279 4352 369 4415 dicas
383 4397 392 4427 ,
408 4351 468 4415 nist
483 4353 646 4416 auctiorem
656 4367 728 4418 esse
742 4371 887 4420 crassam
904 4358 1099 4438 Asianorum,
1148 4362 1369 4442 &Hierony-me
1383 4359 1633 4427 roauououstos
1644 4357 1847 4441 displicuerit,
1862 4364 1896 4421 ut
1909 4357 2017 4438 potius·

231 4485 319 4548 quam
335 4467 579 4532 catholicorum?
594 4470 672 4545 Quid
687 4472 716 4534 si
730 4474 907 4536 tuamittam
918 4474 1099 4540 innotatio—
1144 4479 1217 4542 sotu·
1234 4486 1330 4548 metu.-
1345 4495 1385 4544 ne
1400 4496 1437 4544 ea
1451 4495 1508 4544 vox
1524 4480 1615 4544 uobis
1637 4479 1810 4560 eriperetur
1823 4476 1867 4539 ab·
1877 4474 2010 4550 Arianis,

232 4601 297 4648 nem
314 4586 367 4647 his
380 4587 529 4650 addamus
542 4629 555 4663 ,
567 4602 659 4667 qnam
673 4587 772 4652 iecisti
787 4591 824 4653 ad
839 4599 1029 4672 postremum
1047 4614 1097 4660 ca·
1145 4601 1212 4660 tres
1223 4596 1405 4679 hypostases
1421 4597 1524 4662 dicere
1539 4595 1756 4661 formidaverit.
1772 4594 1879 4675 itaque
1895 4592 2016 4671 episto·

231 4709 282 4782 put
295 4703 449 4783 epistotae
464 4705 581 4783 primae
595 4705 693 4769 suncti
704 4700 964 4774 Ioannisi'uonne
975 4728 1013 4775 eo
1024 4713 1094 4778 ioco
1144 4711 1205 4774 tam
1221 4718 1313 4776 totam
1327 4713 1357 4776 in
1371 4714 1448 4778 haec
1461 4714 1554 4778 rerba
1566 4701 1736 4777 ‘conctudttr
1756 4709 1896 4774 obtestor
1911 4709 2009 4774 beoti-

231 4820 300 4881 totis
314 4819 433 4882 ririisos
446 4821 609 4885 contendis
623 4822 716 4886 resim
731 4800 1100 4906 iiominiaidpoeti’otcs
1142 4827 1294 4894 iudaicam
1318 4833 1482 4912 tiromper
1495 4829 1692 4910 crucifissus
1714 4829 1834 4892 mundi
1857 4827 2007 4900 coiciens,

231 4952 335 4999 unum
354 4951 496 5017 sumos3
517 4944 550 5002 et
568 4939 620 5003 itia
639 4940 797 5022 discipuli:
814 4939 854 5007 Hi
867 4943 979 5010 isitres
992 4962 1099 5014 mrum
1140 4964 1203 5028 per
1217 4948 1411 5014 iouwusiose
1426 4950 1624 5024 Trinitatem,
1640 4953 1678 5012 stt
1690 4946 1773 5009 satiri
1786 4943 1930 5026 epistolis
1945 4945 2010 5006 tuis

231 5058 326 5129 sont,
343 5068 408 5116 nou
421 5055 462 5118 de
476 5038 592 5121 aniate
605 5062 744 5136 naturae,
759 5075 835 5124 cum
846 5062 990 5128 omnibus
1005 5063 1097 5130 Patri·
1141 5065 1210 5128 siae
1225 5068 1450 5145 tacendarum,
1466 5069 1532 5131 sice
1547 5067 1767 5132 emendorum
1793 5063 2009 5146 ippostuseoo

232 5168 288 5232 tros
301 5169 361 5233 sed
376 5171 417 5236 do
431 5171 555 5237 riucuto
568 5175 735 5251 charitatis,
749 5193 820 5240 cunr
831 5177 952 5243 Arianis
964 5180 1096 5266 intelligi
1142 5183 1238 5248 deror
1251 5184 1439 5248 ouotmttss.

231 5282 347 5348 dobere
359 5285 376 5348 t
390 5291 421 5350 et
434 5288 466 5350 ta
481 5290 629 5370 operibns
642 5295 741 5356 sancti
755 5294 916 5376 iupostiui
930 5298 969 5362 ad
984 5296 1097 5380 margi
1183 5300 1279 5378 Quid,¹
1297 5301 1379 5381 quod
1402 5317 1463 5365 noa
1484 5301 1591 5365 sotum
1609 5315 1727 5368 nomen*
1741 5295 1938 5372 tromousios,
1949 5293 2007 5358 sed

233 5415 303 5464 aem
318 5403 392 5466 libri
406 5405 496 5485 primi
512 5415 617 5472 contra
632 5409 843 5488 Hariminum,
860 5414 914 5477 ubi
929 5431 989 5479 una
1004 5423 1099 5497 atque·
1143 5417 1361 5483 etiumnomcn
1373 5417 1509 5483 Trinitoti
1523 5419 1655 5484 tsutiero
1665 5415 1834 5499 displicuit,
1844 5417 1874 5477 et
1885 5427 1923 5476 ex
1934 5409 2008 5476 der·

234 5520 342 5584 sudem
358 5522 505 5588 asseritur
518 5523 576 5590 liei
590 5531 710 5602 natura,
726 5528 797 5608 quis
811 5529 1000 5595 notationem
1014 5534 1098 5596 ittam
1143 5551 1302 5599 manorum
1325 5537 1469 5616 precibus
1492 5537 1579 5600 ittam
1596 5503 1742 5618 precandi
1757 5531 1920 5596 termulam
1933 5529 2006 5594 sub·

235 5636 710 5719 adjecit,aoamaocamero,
727 5645 787 5707 nisi
802 5643 965 5711 Erasmus?
979 5648 1098 5729 etquid
1142 5653 1256 5712 morit:
1283 5653 1404 5718 sancto
1430 5650 1591 5732 tiiaitoo,
1616 5666 1704 5718 uuus
1733 5649 2008 5727 discernerere
2124 5663 2126 5670 ’

237 5753 936 5842 mnttesttosdiaerunrunquamdrittattscr
1141 5768 1246 5833 modas.

280 5871 344 5940 Sed
359 5877 514 5943 mittamus
528 5877 698 5956 Hrasmum,
712 5885 805 5960 atque
819 5881 857 5944 ad
871 5881 1039 5944 Luttrerum
1050 5895 1099 5946 rs·
1184 5886 1274 5962 Quid,
1297 5886 1380 5964 pared
1401 5901 1465 5950 nou
1477 5888 1577 5950 sotum
1593 5887 1674 5963 tirio,
1691 5885 1852 5952 sedetiam
1868 5881 2006 5948 Hestorio

240 5991 371 6059 niamus.
393 5995 537 6060 Hortinus
556 5995 649 6077 igitur
662 5997 815 6062 tetherus
828 6004 935 6063 contra
950 5999 1098 6066 iacobum
1143 6006 1174 6067 et
1188 6002 1349 6086 Hatpohcti
1363 6003 1530 6085 pturimum
1545 6006 1697 6072 iutherns
1711 6004 1800 6070 taritt
1813 6003 1886 6067 Nam
1899 6000 1930 6062 ia
1942 6013 2006 6062 rna·

241 6105 396 6176 Latoumm
410 6113 575 6178 scribens:
590 6112 812 6191 animemed,
829 6114 939 6195 itaquis,
956 6117 1024 6182 odit
1037 6117 1097 6182 troc
1143 6119 1213 6203 pois
1228 6120 1374 6199 Postittis,
1391 6121 1422 6184 iu
1438 6125 1588 6192 concione
1603 6127 1643 6190 de
1658 6123 1751 6190 Natali
1764 6117 1896 6211 inmisi,
1909 6119 2004 6196 impe·
2074 6115 2075 6118 ¹
