4792 7009
456 704 510 763 ine
1062 712 1106 769 bn
1125 706 1263 770 bobeno
1282 710 1459 771 eonltltcs

383 836 471 911 Quod
485 843 564 903 idem
578 842 648 909 iacit
663 840 771 907 Paulus
785 844 932 908 diaconus
945 845 976 907 tn
990 844 1046 907 rita
1061 843 1240 919 ciusdcon·
1286 848 1346 909 lam
1361 848 1430 929 ejus
1444 846 1482 909 ad
1497 846 1695 931 tamennon
1717 846 1808 929 degi.
1824 848 1923 929 episc.
1939 847 1970 911 la
1985 862 2051 928 quo
2065 848 2154 911 simi

382 928 482 985 snut·
493 924 543 986 IV.
560 926 699 1005 Denique
714 928 850 990 historici
865 928 950 990 latini
975 929 1038 991 tere
1060 940 1167 989 omnes
1183 975 1191 1000 ,
1207 934 1241 989 ut
1285 931 1325 992 lia
1339 932 1430 1007 rerba
1447 933 1652 1011 reperiuntur.

383 1004 475 1080 ilcila,
492 1008 950 1085 Anastasius·bibliolhecarius‘,
980 1010 1115 1073 blondus
1129 1006 1184 1072 lib.
1207 1011 1239 1073 o.
1325 1011 1509 1091 Respondes
1523 1013 1849 1093 inprimiseiiirandum
1862 1028 2009 1086 esseest
2022 1012 2085 1076 boo
2096 1016 2151 1076 tra·

348 1088 353 1101 ‘
386 1088 499 1151 beornd.
525 1093 554 1151 i.
571 1094 746 1166 iiauolerus
777 1093 957 1164 Sabellicus,
987 1093 1101 1155 Plotina
1118 1098 1148 1154 et
1162 1093 1212 1155 atii
1230 1139 1237 1167 ,
1284 1092 1376 1157 beant
1390 1096 1552 1158 Lutberaoi
1568 1111 1624 1185 pro
1638 1096 1873 1165 cncrecuoaid
1887 1097 1978 1159 etiem
1994 1096 2152 1159 botherus

381 1166 549 1234 Bononiam
565 1176 746 1238 catholicum
771 1182 801 1238 el
828 1182 967 1239 sanctum
993 1176 1169 1253 pontificem
1198 1175 1240 1238 la-
1270 1178 1525 1253 'docuerietestc
1539 1175 1657 1242 Ioanne
1671 1180 1823 1243 Gueblaeo
1837 1180 1869 1242 in
1884 1180 2147 1259 septicipitemp.

382 1258 480 1315 eluunt.
541 1264 551 1307 ,·
645 1276 649 1279 ·
1191 1258 1194 1267 ’
1284 1260 1324 1321 do
1339 1264 1469 1323 oratrim.
1486 1260 1605 1323 Deinde
1624 1264 1720 1324 dicon
1736 1262 1915 1342 Gregoriunr
1930 1280 1991 1325 non
2009 1264 2095 1343 toqui
2110 1263 2150 1323 de

423 1336 531 1397 Addidi
548 1346 647 1402 autom
660 1340 783 1413 Bonam,
801 1339 919 1403 etiamsi
936 1340 1035 1405 Ganos
1051 1340 1145 1401 nolit:
1163 1339 1239 1401 nibil
1283 1354 1477 1423 quacumque
1493 1345 1774 1415 imbecillitatesed
1789 1348 1828 1407 de
1843 1346 2019 1421 impotentia
2035 1360 2147 1423 perpe·

383 1419 463 1479 eninr
481 1421 597 1495 dubiio,
615 1424 687 1501 quin
704 1422 783 1482 idern
800 1425 954 1497 senserit,
971 1421 1028 1485 etsi
1044 1424 1074 1485 in
1101 1423 1168 1500 ejus
1183 1422 1238 1483 lib.
1284 1430 1333 1486 tua
1351 1429 1542 1500 cincinnati,
1558 1444 1614 1502 per
1628 1443 1720 1505 qnam
1735 1434 1782 1490 est
1796 1429 1900 1505 inepta
1914 1429 1953 1489 ad
1966 1431 2148 1506 coniugium

382 1500 490 1562 dcsex
506 1508 595 1565 dotat.
613 1500 768 1583 irrepserit
783 1522 893 1567 nomen
910 1506 1034 1567 lionorii
1059 1506 1138 1565 inter
1159 1521 1236 1580 eos,
1283 1508 1395 1571 molier
1410 1510 1502 1584 3-talia
1519 1510 1601 1572 eninr
1615 1510 1759 1591 conjugia
1776 1511 1802 1571 sl
1819 1524 1974 1571 exerrare
1990 1518 2147 1572 eontracta

380 1585 433 1661 qni
447 1593 647 1647 recensentur
662 1587 793 1648 damnati
808 1588 855 1650 Vl.
872 1590 1001 1669 synodo.
1026 1589 1146 1649 Videtur
1157 1586 1238 1649 enim
1283 1593 1355 1665 sini,
1371 1598 1538 1654 censentur
1551 1610 1612 1653 non
1628 1608 1699 1655 esse
1714 1593 1869 1671 conjugia,
1879 1599 1909 1654 et
1923 1592 2086 1654 Ecclesiae
2098 1595 2147 1670 jd·

380 1665 491 1742 aliquis
516 1668 630 1730 sciolus
649 1669 805 1731 addidisse
830 1686 942 1733 nomen
968 1670 1091 1732 Honorii
1113 1671 1144 1731 in
1160 1670 1248 1731 libro'
1284 1674 1365 1736 dicio
1378 1676 1548 1751 solvuntur3
1563 1684 1597 1737 nt
1612 1676 1760 1737 habemus
1774 1676 1804 1735 in
1817 1676 2063 1737 ·deoretei.tit.dc
2077 1676 2146 1753 trip.

380 1745 491 1821 Budua,
509 1764 545 1811 eo
561 1752 643 1831 quod
659 1754 689 1812 io
705 1752 753 1813 vt.
780 1755 899 1833 sinodo
928 1754 1042 1834 ubique
1069 1752 1240 1813 inveniatur
1283 1774 1350 1833 cap.
1368 1756 1526 1820 extiteris:
1542 1756 1582 1819 in
1596 1753 1881 1837 respondcthossa
1895 1757 1926 1818 in
1941 1757 2147 1821 20.dist.can.

380 1832 932 1915 cumuominibusGyri,Sergiiote.
962 1836 1035 1897 Nam
1063 1834 1240 1912 qucdbeda
1282 1839 1462 1902 delibeilis.
1534 1883 1538 1888 «
1800 1880 1804 1885 ι
1898 1855 1901 1862 ’

378 1909 547 1976 Honoriunr
563 1932 618 1993 pru
630 1917 693 1978 uiro
709 1924 812 1980 sancto
827 1917 1072 1984 trabuerit.ctianr
1086 1924 1154 1995 post
1167 1916 1238 1995 ejus
1323 1921 1382 1985 Sed
1399 1929 1505 1985 cooira
1517 1923 1577 1984 boe
1592 1922 1742 1999 estzlluod
1759 1922 1923 1999 Gregorius
1933 1923 2056 1985 ridetur
2064 1922 2148 2001 judi-

379 2003 519 2071 morteto,
535 2004 617 2074 polet
632 2005 696 2061 tum
711 2016 748 2061 es
761 2002 813 2063 lib.
830 2000 943 2063 2.lrist.
960 2001 1085 2079 Anglor.
1102 2016 1170 2077 cap.
1185 1999 1236 2060 tt.
1282 2018 1351 2067 care
1376 2005 1507 2085 primurn
1534 2004 1629 2068 inisse
1656 2020 1761 2067 rorum
1781 2004 2020 2075 matrimonium,
2038 2013 2072 2067 et
2086 2022 2147 2067 nou

382 2076 431 2139 18.
450 2079 565 2141 19.·υ1)ἰ
579 2084 702 2159 suepius
718 2090 859 2163 tanquam
875 2085 913 2145 de
926 2086 1040 2162 optimo
1055 2088 1177 2159 pastore
1199 2082 1237 2143 de
1281 2092 1341 2147 tarn
1367 2088 1558 2161 solvendum,
1585 2104 1677 2168 quarn
1701 2087 1730 2148 ei
1745 2086 1919 2149 secuudum
1934 2090 2148 2165 superadden-

376 2156 511 2225 Honotio
527 2164 670 2241 ioqnilul:
689 2172 749 2226 inm
777 2181 814 2228 ex
828 2169 885 2227 tito
915 2182 941 2228 s.
958 2164 1078 2227 bertold
1093 2164 1212 2225 abbatis
1228 2210 1236 2239 ‚
1281 2168 1367 2242 dum3
1383 2168 1489 2231 scribit
1503 2171 1584 2231 cuim
1597 2173 1657 2233 pop
1671 2168 1894 2232 debereoirnm
1905 2184 1922 2229 a
1935 2170 2038 2246 priore
2050 2186 2148 2232 uxore

378 2242 432 2304 ubi
449 2260 531 2305 nuuc
546 2244 679 2319 beatum,
695 2264 778 2308 nunc
793 2256 931 2309 sanctem
944 2248 1110 2308 licoorinra
1125 2253 1211 2307 rocat
1227 2292 1235 2318 ,
1280 2252 1453 2313 subsidium
1478 2253 1607 2328 aniene,
1633 2253 1667 2315 id
1688 2258 1748 2327 est,
1772 2252 1887 2314 debere
1912 2266 1980 2313 earn
1996 2253 2102 2314 adbuc
2116 2260 2147 2315 ui

377 2331 408 2384 et
419 2326 501 2388 ¹iuter
515 2328 630 2390 alias-ic
643 2332 694 2390 ait:
710 2331 799 2395 brar.
811 2330 922 2410 inquii,
935 2327 1128 2393 venerabilis
1141 2334 1235 2406 pice·
1279 2348 1404 2396 onorem
1419 2336 1501 2397 alere
1515 2342 1545 2399 et
1559 2340 1741 2398 sustentare.
1758 2334 1832 2396 ideo
1841 2340 1948 2414 posset
1972 2336 2073 2396 wem
2087 2336 2146 2397 dici

377 2407 429 2468 snl
443 2409 604 2473 H⁰ll⁰lill⁸
618 2428 724 2491 eadam
739 2415 861 2487 coinon,
883 2414 994 2491 viperas
1017 2412 1162 2484 consilio,
1180 2412 1236 2473 do·
1278 2431 1350 2477 curn
1364 2417 1470 2478 cadem
1485 2416 1591 2480 Glossa
1606 2419 1638 2479 in
1653 2416 1705 2480 32.
1721 2422 1840 2497 quaesi.
1857 2417 1887 2478 7.
1903 2432 1972 2478 cao.
1986 2417 2078 2490 Quod
2096 2436 2145 2479 ao·

380 2492 620 2563 consociares,
638 2496 808 2558 dulcedine
834 2501 863 2557 et
889 2496 1069 2558 bumilitate
1082 2494 1233 2571 pollens,
1279 2505 1340 2559 tem
1366 2501 1563 2577 proposuisti,
1591 2500 1766 2579 poniificem
1791 2499 1865 2561 dare
1888 2499 2059 2561 consilium
2083 2516 2144 2561 nou

376 2571 415 2632 itt
426 2574 517 2635 inira:
531 2574 685 2651 stoebtul
700 2584 845 2657 opinione
864 2594 985 2641 minine
1005 2594 1032 2639 s.
1044 2577 1238 2655 pcpcpntei
1277 2588 1486 2660 pracceptum,
1513 2590 1546 2645 ui
1570 2598 1749 2659 eam-enne
1763 2580 1921 2643 ridebatur
1936 2581 2037 2643 inisse
2054 2598 2141 2651 uxor,

373 2662 550 2719 rnenaoroto
566 2659 715 2738 bertulfo,
730 2662 904 2739 prianlepa'a
917 2661 1035 2722 scillcet
1055 2660 1140 2723 sedis
1157 2674 1235 2737 apo·
1279 2664 1380 2726 adbuc
1394 2671 1555 2733 sustentet.
1570 2668 1597 2729 si
1612 2664 1801 2746 providentia
1816 2664 1887 2745 ejus
1902 2663 2050 2741 indigeat,
2072 2683 2141 2727 curu

374 2738 515 2809 stelione,
529 2746 688 2821 qualenam
702 2742 813 2805 cuitus
838 2745 1060 2821 episcoporum
1083 2742 1121 2803 in
1139 2756 1235 2817 pree·
1278 2746 1362 2807 nulla
1376 2747 1475 2825 ipsius
1490 2749 1578 2827 culpa
1594 2748 1750 2820 acciderit,
1766 2752 1800 2809 ut
1812 2746 2069 2809 ororiiiiusesse
2081 2764 2142 2810 non

374 2818 440 2893 snio
455 2823 607 2884 coercebio
629 2826 769 2903 quotibet
776 2826 853 2903 jnrc
869 2826 1035 2889 dominari
1049 2828 1233 2885 concretae.
1277 2835 1394 2906 posset.
1409 2829 1577 2893 dstantem
1592 2830 1769 2896 notandum,
1786 2829 1866 2890 banc
1880 2830 2067 2891 seutentiam
2082 2846 2142 2892 nou

373 2900 456 2965 Haec
470 2904 549 2966 Beda
571 2902 764 2970 delineatio
782 2926 790 2985 ς
807 2924 885 2987 quae
911 2914 993 2970 cerie
1014 2910 1075 2968 ndu
1091 2906 1232 2979 diceret,
1278 2926 1349 2974 csse
1363 2911 1500 2988 drapani
1516 2914 1539 2974 l.
1556 2916 1612 2975 sed
1626 2915 1733 2975 solum
1741 2912 1837 2990 bajus
1845 2910 1984 2989 Gregorii
1995 2912 2052 2973 tlt.
2069 2912 2141 2974 llam

372 2984 399 3045 si
416 2997 486 3047 oum
503 3004 556 3065 pro
577 2989 718 3053 damnato
733 2990 886 3055 haeretico
897 2990 1066 3064 habuisset,
1083 2988 1233 3050 uiadaer·
1278 2995 1406 3071 epistola
1421 2996 1472 3057 illa
1488 2998 1524 3057 ad
1540 2997 1665 3076 August.
1688 3002 1737 3059 est
1750 3010 1810 3057 arua
1826 3001 1857 3055 ct
1871 2993 1978 3055 eadem
1993 3011 2068 3057 corn
2085 2997 2142 3057 ista

368 3068 574 3134 bariirolunt.
665 3090 668 3095 ·
835 3090 838 3097 ’
1178 3076 1180 3084 ’
1276 3076 2140 3157 adiiontlae.quamcertarnestesseGregoriilituo-

419 3163 423 3186 ⁸
571 3160 575 3167 “
613 3154 616 3161 ’
1042 3150 1047 3159 '
1192 3234 1195 3237 ,
1277 3160 1316 3220 de
1330 3175 1392 3220 oon
1406 3161 1749 3231 inrenilnrinteropera
1761 3161 1793 3221 b.
1806 3157 1956 3239 Gregorii,
1969 3160 2025 3220 sed
2038 3161 2140 3222 soluru

1204 3275 1206 3280 ·
1276 3240 1414 3304 intumis
1437 3245 1647 3306 conciliorum.
1673 3242 1835 3305 ilbietiam
1861 3241 2026 3303 concilium
2041 3260 2141 3304 roma·
2200 3279 2201 3282 =

700 3316 818 3383 CAPUT
833 3322 901 3383 ΧΠ.
998 3377 1004 3401 ,
1276 3338 1359 3385 num
1377 3327 1415 3387 de
1442 3327 1587 3402 gradibus
1611 3324 1773 3407 probibitio
1797 3325 1877 3386 cirea
1892 3326 2134 3399 matrimonium,

748 3412 752 3451 t
809 3424 813 3433 ·
993 3422 999 3439 ·
1173 3408 1182 3433 ²
1276 3406 1418 3469 tribuitur
1432 3409 1576 3484 Gregorio
1595 3407 1734 3471 leitil.
1751 3424 1821 3469 cunr
1836 3414 1936 3468 nmen
1951 3422 2057 3469 reuera
2074 3424 2137 3469 non
2200 3451 2201 3484 ,

555 3514 558 3521 ·
1274 3491 1373 3567 possit
1388 3504 1458 3553 csse
1474 3492 1530 3552 uisi
1540 3492 1683 3570 drepani
1699 3489 1754 3558 iit.
1777 3498 1811 3551 ut
1825 3494 1908 3567 patet
1922 3490 2140 3569 cri-imperato·

478 3596 481 3604 s
555 3568 598 3629 lle
614 3568 688 3631 aliis
700 3574 820 3647 septem
828 3565 1045 3651 pontificilnls.
1274 3570 1372 3641 ribus,
1389 3576 1440 3651 qui
1456 3574 1653 3636 nominantur
1665 3575 1696 3633 in
1712 3572 1864 3652 principio
1879 3577 1910 3633 et
1923 3571 1986 3633 dne
2000 3574 2137 3633 concilii.

470 3662 472 3668 '
611 3652 616 3659 '
973 3690 977 3697 ,
1315 3654 1596 3733 *vigesimusscxtns
1621 3654 1861 3717 estllicolausl.
1887 3657 2139 3733 qoemnoonutti

1172 3750 1182 3759 ’
1222 3760 1226 3769 ·
1276 3737 1516 3814 reprehendunt,
1540 3738 1621 3818 quod
1646 3739 1694 3815 (ut
1706 3738 1837 3799 reieriur
1850 3738 1889 3798 de
1904 3750 2048 3798 conseer.
2065 3739 2136 3799 dist.

394 3810 711 3893 ¹i'ipesimusquartus
733 3832 877 3877 romanus
900 3816 1039 3893 portitor
1059 3814 1138 3878 inter
1153 3832 1229 3894 eos,
1275 3818 1307 3879 i.
1323 3836 1391 3883 can.
1408 3836 1422 3880 a
1439 3820 1570 3900 quodam
1583 3821 1708 3898 judaeo)
1731 3822 1881 3890 docuerit,
1902 3819 2092 3898 baptismum
2108 3823 2137 3881 in
2200 3853 2201 3872 r

371 3895 723 3975 quierrassedicuutur,
747 3904 794 3960 est
816 3914 843 3959 s.
860 3898 1005 3960 llariinus
1031 3895 1055 3973 l,
1074 3914 1166 3975 quern
1182 3904 1230 3963 ac'·
1275 3903 1400 3963 nornine
1425 3901 1535 3966 Gbristi
1559 3905 1703 3965 collatum
1728 3902 1796 3963 sinc
1821 3904 2023 3980 expressione
2046 3904 2137 3964 trium
2200 3931 2201 3964 r

372 3983 479 4038 cusani
494 3976 773 4058 llagdebnrgenses
789 3980 874 4043 Geni.
890 3981 922 4041 ia
936 3998 1003 4057 cap.
1027 3980 1078 4042 20.
1095 3985 1176 4060 quod
1198 3987 1229 4046 in
1276 4000 1474 4061 personarum
1487 3984 2065 4048 esseratum.ldeoimesteontrarium
2077 4001 2137 4047 nou

370 4062 462 4137 epist.
478 4061 515 4121 ad
531 4062 659 4123 Amano.
676 4064 834 4133 docueril,
852 4080 913 4125 non
934 4078 1004 4125 esse
1026 4064 1154 4126 dandam
1181 4082 1231 4128 re·
1275 4068 1374 4128 solnm
1394 4070 1593 4145 evangelicae
1607 4067 1801 4135 institutioni,
1829 4067 1884 4129 sed
1899 4067 1992 4128 eiiam
2006 4067 2137 4128 aliorum

370 4143 451 4201 niam
467 4144 674 4223 presbyteris,
689 4147 736 4207 rel
752 4142 890 4223 diaconis
915 4153 984 4223 post
1008 4144 1229 4210 ordinationem
1275 4149 1454 4226 pontificum
1469 4151 1614 4227 decretis3
1631 4150 1773 4211 nimirum
1790 4148 1904 4229 Pelagii
1916 4156 1948 4209 ot
1959 4148 2135 4221 Zachariae,

370 4241 456 4285 suurn
474 4228 684 4301 peccantibus
698 4245 779 4307 quae
790 4230 908 4290 videtur
919 4238 989 4290 esse
1001 4229 1123 4309 speeies
1138 4240 1231 4310 qnae*
1275 4231 1327 4309 oui
1342 4233 1524 4310 baptismum
1541 4232 1713 4312 improbant
1727 4248 1845 4302 eurum,
1862 4233 1914 4308 oui
1930 4237 2051 4292 tantum
2065 4240 2136 4293 suni

371 4307 438 4367 darn
449 4306 680 4372 'Noratinnismi
724 4320 727 4329 ’
1275 4314 1415 4388 baptisati
1431 4316 1463 4377 in
1480 4318 1604 4377 nomine
1619 4314 1740 4388 Girrisii,
1758 4322 1789 4375 et
1802 4323 2025 4391 nonexpresse
2037 4315 2069 4375 iu
2084 4332 2134 4375 oo·

410 4390 604 4466 liespondeo:
622 4392 766 4453 Martinus
783 4410 840 4455 oon
856 4393 991 4469 loquilur
1002 4394 1040 4454 de
1056 4394 1142 4455 uenia
1158 4412 1230 4474 pce·
1276 4397 1357 4457 mine
1372 4399 1477 4468 Patris,
1502 4407 1531 4459 et
1545 4398 1613 4460 Filii
1630 4404 1660 4459 et
1674 4397 1805 4474 Spiritus
1820 4398 1928 4470 sancti,
1957 4402 1992 4457 ul
2006 4403 2092 4473 patei
2104 4398 2134 4457 in

370 4476 516 4549 calorum,
534 4475 588 4535 sed
612 4477 649 4536 dc
665 4475 855 4538 restitutione
877 4478 913 4535 ad
939 4492 1024 4537 suem
1050 4477 1228 4541 ministeria.
1275 4480 1381 4542 eodem
1408 4481 1479 4542 dist.
1497 4481 1527 4542 i.
1543 4480 1727 4548 canxmulti,
1743 4486 1774 4541 el
1787 4494 1856 4539 can.
1880 4481 1909 4539 in
1926 4480 2060 4557 syuodo.
2078 4479 2134 4540 Ne·

369 4552 440 4615 Vult
455 4556 535 4616 enim
551 4558 747 4637 presbyteros
762 4566 792 4620 et
803 4560 948 4620 diaconos
960 4560 1089 4637 praviter
1101 4576 1230 4637 peccnn·
1275 4576 1334 4639 qne
1350 4568 1450 4638 potest
1463 4562 1655 4641 responderi:
1672 4568 1816 4640 ¹tempore
1831 4560 1944 4624 iiicolai
1958 4576 2022 4621 non
2039 4564 2135 4623 tuisse

371 4642 417 4697 tes
433 4636 545 4714 deponi
562 4656 576 4700 a
593 4641 688 4717 gradu
704 4656 810 4715 su03ae
825 4642 851 4703 si
866 4642 1097 4719 resipueriol.ot
1111 4644 1230 4705 reniam
1274 4646 1374 4706 adlruo
1385 4645 1554 4719 definitum,
1568 4662 1604 4705 an
1615 4643 1880 4721 baptismuseeset
1890 4644 2005 4716 irritus,
2020 4646 2047 4703 si
2062 4660 2134 4705 con·

370 4718 523 4797 petierint,
541 4720 655 4783 absolvi
671 4721 795 4800 quidem
812 4744 826 4784 a
843 4724 988 4802 pcccatis,
1005 4723 1060 4785 sed
1073 4730 1229 4801 nuoouarn
1273 4726 1402 4788 terretur
1415 4728 1446 4789 io
1462 4728 1587 4789 nomine
1602 4727 1725 4789 Gbristi.
1739 4727 1809 4787 darn
1822 4726 1852 4786 id
1864 4722 1961 4787 iuerat
1972 4724 2135 4787 delinitum

368 4802 486 4865 resiitui
503 4805 533 4865 in
550 4820 624 4867 suos
638 4806 751 4884 gradus
768 4853 775 4881 ‚
792 4809 873 4884 quod
893 4806 974 4867 idean
990 4822 1097 4867 omncs
1112 4814 1230 4870 ueteres
1274 4809 1304 4869 io
1321 4810 1452 4871 coneilio
1467 4812 1639 4890 anglicano,
1656 4823 1804 4871 asumma
1815 4807 1959 4883 pontiden
1970 4808 2132 4871 Zacharia.

368 4884 492 4947 ducent.
1187 4967 1189 4973 ,
1273 4891 1326 4967 nui
1351 4892 1503 4954 Nicolaum
1529 4893 1708 4972 praecessit,
1734 4891 1925 4964 confirmato,
1951 4895 2136 4969 ut‘pateiex

409 4965 709 5047 vigesimusquintus
723 4976 770 5034 est
784 4970 948 5050 Gregorius
972 4970 1025 5030 tlt.
1042 4986 1131 5048 quem
1148 4970 1229 5051 liap-
1273 4985 1342 5036 eao.
1360 4975 1391 5034 io
1406 4976 1535 5054 syuodo.
1552 4972 1911 5037 neocaesareenses.

369 5047 581 5128 deburgenses
604 5051 725 5115 deutur.
741 5052 772 5115 8.
790 5070 856 5131 cap.
875 5052 924 5114 ill.
940 5052 970 5111 in
988 5054 1043 5111 rita
1067 5052 1165 5131 ipsius
1179 5070 1228 5115 ac·
1313 5056 1508 5133 nespaonec:
1535 5056 1689 5119 Nicolaum
1712 5071 1774 5135 nup
1788 5054 1965 5117 deliniendo
1979 5056 2136 5129 ouaesdo

369 5140 489 5196 cusani.
505 5134 705 5213 Primonuod
722 5137 752 5197 in
768 5138 857 5217 epist.
874 5140 909 5195 ad
926 5134 1021 5195 Booii.
1033 5134 1161 5215 jusserit
1174 5138 1227 5197 ite·
1273 5154 1343 5199 nem
1359 5140 1398 5200 de
1412 5140 1484 5208 sade,
1501 5140 1576 5201 illud
1591 5139 1720 5207 dixisse,
1741 5139 1796 5199 sed
1811 5138 1911 5199 soluat
1926 5140 1960 5196 ui
1974 5138 2135 5200 doctorem

367 5230 434 5275 rum
451 5218 622 5277 consecrari
640 5220 794 5279 ordinatos
809 5220 846 5280 ab
862 5218 1033 5295 aliisquam
1049 5218 1086 5277 ab
1099 5219 1136 5277 iis
1149 5234 1227 5293 nuos
1273 5221 1483 5291 particularem
1509 5223 1688 5300 exposuisse
1712 5220 1812 5283 obiier
1835 5219 2014 5299 opinionem
2030 5235 2133 5281 snam.

367 5312 512 5360 romanus
534 5298 669 5373 pontilex
697 5301 831 5361 miserat.
855 5300 913 5363 Sed
943 5302 1001 5361 boc
1022 5304 1070 5360 cst
1090 5306 1225 5379 apertum
1272 5304 1342 5365 liam
1364 5306 1445 5383 qarod
1464 5302 1520 5366 ilie
1540 5304 1719 5365 intendebat
1739 5306 1851 5365 doecre
1869 5306 1901 5363 in
1922 5302 1976 5362 illc
2000 5318 2134 5369 canone.

368 5381 573 5442 mendacium.
601 5380 763 5459 Gregorius
789 5385 869 5443 enirn
891 5383 988 5442 solum
1011 5380 1100 5461 jubet
1114 5380 1224 5445 iterum
1273 5402 1333 5447 oon
1360 5394 1423 5447 erat
1447 5388 1485 5448 dc
1506 5386 1601 5447 lurma
1616 5385 1770 5461 baptismi,
1786 5386 1841 5444 sed
1858 5390 1973 5445 tanturn
1989 5384 2030 5445 de
2047 5386 2136 5446 mini·

368 5466 543 5525 consecrari
560 5464 715 5527 ordinatos
730 5482 744 5525 a
762 5481 822 5525 oon
838 5464 918 5526 acris
934 5467 1100 5544 episcopis.
1270 5475 1344 5541 stro,
1361 5471 1681 5547 denuoioterrogatns
1692 5470 1799 5528 lueret.
1812 5466 1919 5547 ltaque
1929 5474 2134 5545 posteaquam

408 5544 571 5621 Secundo,
589 5549 730 5608 eumdem
746 5552 900 5623 accusant,
918 5546 997 5627 quod
1014 5546 1043 5606 in
1060 5548 1115 5608 alia
1131 5548 1223 5626 epist.
1270 5552 1470 5627 responderat
1497 5558 1527 5612 ct
1541 5551 1710 5624 deiloiemt,
1733 5549 1917 5625 baptismum
1931 5564 2004 5611 esse
2018 5556 2132 5627 ratum,

367 5630 403 5686 od
420 5628 516 5687 tionis.
534 5631 706 5705 pernriscrii
721 5631 783 5691 viro
799 5631 911 5691 ducere
927 5631 1016 5691 aliam
1030 5641 1156 5690 uxorem
1171 5676 1178 5702 ,
1196 5630 1222 5692 si
1269 5634 1386 5696 etiamsi
1410 5652 1425 5695 a
1433 5634 1557 5713 judaeo.
1570 5635 1619 5694 ret
1631 5648 1750 5709 popano
1760 5632 1859 5707 detur,
1872 5646 1952 5711 qnae
1964 5639 2033 5693 erat
2043 5649 2135 5710 prae·

366 5718 490 5787 propter
506 5712 644 5773 ororburn
659 5712 790 5791 aliquem
810 5714 930 5791 propria
947 5730 1021 5775 uxor
1036 5712 1172 5774 debitum
1194 5712 1222 5773 ei
1268 5717 1356 5793 cipue
1372 5716 1521 5794 ouraeslio,
1538 5716 1654 5777 addidit
1668 5715 1778 5776 obiter:
1794 5714 1980 5793 Buplismum
1993 5729 2067 5777 esse
2081 5734 2133 5778 ra·

366 5793 527 5871 conjugale
550 5794 679 5856 reddere
700 5811 761 5861 nou
777 5797 872 5856 ualeat
888 5812 897 5855 ε
920 5794 1001 5874 quod
1017 5803 1063 5855 est
1077 5810 1223 5872 expresse
1269 5803 1344 5868 tum,
1360 5800 1424 5860 sire
1438 5798 1470 5859 in
1485 5799 1610 5861 nomine
1624 5798 1712 5860 trium
1729 5812 1939 5875 personarum,
1953 5799 2018 5857 sire
2030 5798 2062 5858 ia
2075 5816 2134 5861 no·

367 5881 469 5934 eontra
484 5876 723 5955 euangelinmmt
738 5878 825 5939 etiarn
838 5880 989 5939 arrooiarit
1000 5877 1158 5939 Gratianus
1170 5876 1221 5938 32.
1269 5880 1351 5942 ruine
1365 5881 1462 5943 solius
1477 5880 1586 5944 Christi
1601 5881 1700 5943 detur.
1716 5880 1749 5940 ln
1767 5886 1988 5958 consequutus
1999 5884 2137 5944 estim-

366 5962 485 6031 quaest.
502 5959 532 6021 i.
549 5974 616 6021 cao.
634 5958 719 6031 Quod
734 5960 931 6041 proposuisti.
948 5960 1095 6041 Ejusdem
1110 5960 1222 6023 erroris
1267 5962 1361 6024 brosii
1379 5964 1560 6025 sententiam
1574 5962 1630 6025 lib·
1646 5964 1675 6023 t.
1692 5962 1731 6024 dc
1745 5962 1826 6041 Spir.
1842 5977 1870 6025 s.
1886 5977 1954 6041 cap.
1969 5961 2002 6023 s.
2015 5966 2136 6045 utipse

364 6044 526 6102 accusatur
546 6058 563 6104 a
579 6042 735 6106 nonnullis
750 6042 913 6122 Gregorius
929 6043 953 6107 1.
970 6049 1094 6125 propter
1108 6042 1222 6122 episto·
1266 6046 1380 6109 ibidem
1395 6047 1479 6110 dicii.
1497 6046 1580 6125 Quue
1594 6046 1746 6109 sententia
1760 6046 1835 6110 laisa
1850 6044 1974 6127 quidem
1988 6050 2039 6109 est
2053 6068 2133 6117 meo
