4792 7009
419 710 456 777 tt
1113 702 1159 767 ee
1178 701 1288 767 t’tttuo
1308 701 1368 766 ulit
1636 767 1640 776 ,

324 882 328 889 -
345 844 451 929 ttnpua
472 841 658 912 rernnrutar
675 839 812 925 tponntt
833 837 865 907 tn
880 831 931 903 dtu
947 836 1145 907 Pentecosten
1169 835 1215 901 lo·
1260 835 1366 903 braine
1380 855 1397 901 η
1411 834 1533 907 Hierimo
1543 833 1792 919 pronunciatum,
1807 838 1842 901 ut
1854 836 1904 899 eal
1917 832 1950 900 in
1965 833 2036 917 ipsu
2048 835 2131 905 lsai.

346 930 519 1009 quebontur
546 926 635 987 uariis
657 924 772 1004 linguis
796 922 947 1003 maguntia
962 920 1033 993 Dei,
1056 924 1087 981 et
1107 923 1213 997 posteo
1260 918 1312 981 21.
1329 921 1413 983 nulla
1440 921 1523 985 antur
1551 922 1618 984 erat
1641 933 1762 997 caussa,
1789 918 2010 982 curliorninus
2035 920 2130 984 rerba

343 1010 476 1087 dispersi
491 1008 665 1089 perurbam
679 1000 1215 1087 terrarumpraedicaveruntuhipue
1258 1000 1382 1064 barinis
1409 1003 1554 1067 hebraica
1576 1000 1738 1079 inciperet,
1762 1018 1798 1063 ac
1812 1000 1927 1064 deinde
1941 1007 2078 1067 mutaret
2098 1003 2131 1067 iu

341 1090 459 1171 tinguis
484 1106 590 1156 eorum
616 1090 801 1169 populorum
827 1087 941 1169 quibus
967 1082 1212 1164 praedicabaut3
1258 1084 1414 1163 syriacum
1429 1086 1557 1147 idioma.
1571 1082 1714 1156 Quered.
1727 1082 1934 1163 Hieronymus
1949 1084 1983 1145 iu
1997 1083 2079 1147 libro
2092 1086 2132 1149 da

252 1206 257 1217 ·
319 1208 324 1215 ·
340 1170 434 1251 igitur
442 1177 564 1252 oportet
576 1172 667 1235 rnriis
679 1170 806 1250 linguis,
816 1164 1212 1248 lisquenernaeulisSertp·
1258 1166 1378 1229 nomin.
1394 1167 1487 1243 hebr.
1506 1171 1639 1228 tractans
1653 1164 1737 1227 huuc
1753 1167 1868 1236 locum,
1888 1180 1952 1227 nou
1967 1164 2044 1227 dicit
2059 1181 2131 1231 esso

320 1288 324 1297 ·
339 1258 425 1319 toras
450 1256 569 1317 divinas
583 1254 722 1317 hubenc:
745 1268 815 1315 nam
830 1250 857 1314 si
874 1266 936 1312 non
951 1248 1130 1327 inquinatur
1144 1262 1225 1311 ror··
1255 1248 1349 1310 rerba
1361 1249 1492 1329 syrincc,
1505 1248 1588 1327 quod
1603 1250 1706 1309 tamen
1723 1262 1849 1326 seraper
1861 1261 1991 1310 mouere
2005 1247 2088 1309 solet
2099 1248 2130 1313 in

338 1335 414 1399 bum
430 1328 488 1401 nn
503 1339 529 1401 si
547 1336 716 1415 proteratur
730 1334 834 1413 lingue
850 1330 980 1412 nrrlgari,
996 1346 1052 1393 our
1067 1328 1210 1408 inquina-
1254 1328 1295 1392 iis
1309 1346 1390 1408 uuae
1405 1331 1524 1409 syriaca
1540 1335 1612 1391 aunt
1624 1344 1633 1388 :
1645 1330 1718 1391 scd
1744 1330 1831 1407 ponit
1856 1329 1947 1391 rerba
1965 1328 2125 1403 hebraice,

337 1416 423 1481 bitur
436 1418 464 1481 si
480 1418 632 1483 scribetur
646 1418 751 1497 lingua
766 1412 911 1493 vulgarit
1013 1458 1017 1467 .
1090 1464 1094 1473 .
1257 1410 1322 1485 tyre
1337 1411 1417 1484 nne
1433 1416 1503 1485 tyre
1520 1411 1664 1495 tymetia
1678 1418 1710 1475 at
1725 1411 1827 1473 latinis
1841 1409 1938 1473 literis
1953 1409 1992 1473 ita
2009 1410 2129 1490 reddit3

380 1500 566 1578 ltespondao
580 1517 588 1559 :
601 1500 661 1561 troc
675 1502 856 1575 argumento
873 1492 950 1557 nihii
965 1490 1123 1557 concludi:
1136 1509 1209 1559 num
1252 1494 1319 1566 uto,
1333 1495 1386 1569 eti,
1404 1494 1529 1556 lmnmo
1543 1493 1734 1570 azabthani,
1755 1506 1835 1571 quae
1857 1496 1975 1557 certum
1992 1499 2130 1558 estesse

337 1580 365 1643 si
380 1580 462 1645 bona
478 1589 525 1645 est
539 1577 763 1658 consequentia
777 1595 794 1639 e
809 1577 1038 1657 praedicatione
1054 1575 1092 1638 ad
1104 1574 1209 1655 Sorip·
1251 1575 1417 1638 hebraica..

335 1666 447 1737 turum,
462 1660 666 1741 enrdpnstoti
681 1660 782 1723 solum
794 1659 987 1739 scripserunt
999 1672 1121 1737 graece,
1135 1674 1207 1721 cunr
1237 1688 1241 1714 ι
1292 1656 1440 1723 Erasmus
1454 1671 1591 1736 quoqne,
1607 1656 1657 1720 eui
1672 1657 1801 1739 multum
1813 1652 1987 1719 Hemnitius
2004 1654 2126 1731 tribuit,

296 1749 301 1761 ·
336 1744 593 1823 praedicaverunt
606 1749 665 1804 tam
682 1741 788 1804 multis
809 1740 949 1820 linguis?
963 1739 1061 1819 igitur
1076 1740 1204 1803 verbum
1237 1738 1283 1800 ‚in
1295 1739 1493 1800 annotatione
1504 1740 1543 1801 ad
1555 1738 1639 1801 buno
1651 1737 1866 1801 lnennidooct:
1880 1737 2035 1801 christum
2047 1753 2126 1816 pura

291 1892 294 1901 ,
332 1824 390 1887 lici
407 1830 492 1889 reete
512 1826 709 1903 praedicatur
730 1824 835 1903 lingua
850 1822 980 1901 vulgrrri,
997 1822 1068 1899 quia
1084 1822 1206 1899 praedi·
1249 1820 1398 1883 hebreice
1414 1822 1465 1882 itta
1481 1820 1575 1883 narba
1591 1822 1772 1897 protulisse.
1788 1819 1888 1893 Adde,
1904 1819 1988 1897 quod
2004 1823 2126 1900 syriace

318 1908 411 1969 -eutio
437 1908 675 1987 explicationem
704 1906 853 1981 continet,
881 1920 973 1983 quarn
989 1918 1100 1965 ornnes
1114 1902 1205 1969 tacite
1250 1903 1298 1965 sic
1313 1902 1455 1975 dixisset,
1470 1901 1534 1977 titt,
1551 1902 1600 1965 bil
1613 1903 1747 1966 leronem
1760 1901 1955 1965 ecbucrunt:
1969 1902 2054 1979 quod
2070 1918 2124 1965 au·

330 1988 483 2067 copiunt:
511 1996 630 2051 etcum
657 1986 813 2063 scribitur,
836 1986 956 2049 nudum
971 1984 1127 2061 scribitur,
1144 2001 1204 2049 neo
1249 1990 1312 2046 tem
1335 1984 1366 2044 in
1383 1999 1496 2064 graeco
1511 1990 1543 2046 et
1557 1984 1652 2047 lutino
1677 1984 1830 2048 habemus
1855 1982 2035 2059 aebuctoni,
2064 1998 2128 2047 noa

329 2069 368 2131 nb
385 2071 531 2133 omnibus
546 2071 677 2149 capitur.
693 2068 800 2148 linquo
816 2067 1076 2148 quemadmodum
1091 2082 1154 2130 non
1167 2068 1203 2130 li·
1248 2065 1442 2137 azabthani,
1465 2071 1499 2127 ut
1515 2080 1587 2128 esse
1602 2066 1722 2139 debuit,
1738 2066 1853 2128 tectum
1876 2070 1935 2139 est,
1952 2070 1986 2127 ut
2000 2065 2125 2129 taciliua

315 2158 382 2213 cet
395 2152 443 2214 sic
458 2154 677 2233 argumentari:
694 2151 805 2213 lintres
821 2151 895 2213 dant
908 2148 1075 2211 infantibus
1091 2164 1203 2227 panem
1249 2149 1523 2224 pronuntiaretur,
1549 2148 1810 2226 quemadmodum
1833 2147 1941 2209 dicere
1966 2147 2120 2223 solemus,

314 2232 502 2297 dissectum
519 2233 550 2297 in
567 2234 744 2314 particulos,
771 2233 818 2294 nel
843 2232 935 2295 utinm
961 2246 1201 2311 praemousum3
1246 2229 1373 2304 taciem,
1388 2228 1565 2303 Ezechiam,
1580 2227 1781 2304 Hieremiam,
1803 2228 1986 2305 hssueruru,
2011 2234 2042 2290 et
2064 2228 2127 2292 alia

276 2365 278 2371 .
328 2322 463 2393 possent
476 2317 569 2396 igitur
583 2315 656 2378 dere
669 2315 758 2377 etiarn
771 2312 925 2393 integrum
938 2320 969 2375 et
979 2312 1201 2387 solidnmnenr
1246 2310 1429 2391 hujusmodi
1453 2326 1511 2391 pro
1525 2309 1694 2392 Jeaoy'nbu,
1720 2308 1901 2392 imeffabili,
1930 2308 2124 2385 dbizlaiuhtt,

328 2404 379 2457 est
392 2396 475 2461 idern
492 2399 593 2477 panis.
617 2398 747 2459 Itanon
769 2396 844 2457 licet
862 2395 1087 2475 argumentari:
1110 2396 1202 2457 mini·
1247 2392 1490 2467 detineremur,
1513 2398 1546 2457 et
1565 2393 1637 2457 altis
1656 2393 1813 2457 hebraicis
1837 2392 2018 2457 ‚durissimis
2039 2392 2124 2456 ruci·

329 2484 445 2541 stratur
471 2480 596 2559 populis
621 2478 748 2541 uerbum
774 2477 1202 2557 ttaicxpticatumaconoio·
1247 2475 1320 2539 bus.
1462 2536 1468 2545 .

324 2564 456 2637 natore3
477 2561 572 2641 igitur
586 2558 752 2623 ministrari
769 2559 859 2621 etiam
875 2559 969 2623 debet
983 2560 1053 2623 sine
1068 2558 1201 2639 explica·
1289 2555 1433 2636 dejectio
1444 2556 1575 2638 septima
1585 2555 1742 2620 tiemoitii.
1753 2555 1991 2636 chrysostomus
2002 2553 2124 2634 saepis·

328 2641 416 2703 tione
431 2648 463 2704 ct
475 2642 582 2723 lingua
597 2642 713 2722 uulgari
729 2642 890 2719 seriptum.
1248 2639 1327 2702 sime
1349 2639 1489 2703 hortatur
1509 2640 1607 2703 laicos
1629 2640 1667 2702 ad
1682 2641 1852 2703 lectionem
1866 2638 2094 2717 scripturarum
2108 2655 2121 2715 3

371 2721 460 2785 Sexta
476 2724 609 2805 objectio
621 2724 765 2804 ejusdem
779 2722 939 2786 Hemnitii.
952 2721 1200 2803 B.Hieronymus
1246 2720 1340 2801 tpitnr
1355 2737 1410 2800 par
1424 2725 1484 2799 est,
1501 2720 1676 2801 Scripturas
1697 2721 1815 2802 vulgari
1840 2720 1946 2801 lingon
1972 2719 2121 2784 omnibus

322 2806 463 2883 testatur,
480 2822 516 2869 sa
531 2806 664 2870 vertisse
682 2805 858 2885 Scripturas
872 2804 905 2867 iu
925 2803 1064 2883 linguam
1082 2806 1200 2868 solaro·
1244 2802 1395 2882 pcrmitti.
1417 2802 1456 2865 lit
1475 2819 1661 2883 quamquam
1686 2803 1863 2867 Hemuitius
1887 2802 1971 2865 nulle
1987 2800 2123 2882 Chryso·

325 2885 441 2951 nicam.
465 2888 554 2958 item,
582 2887 760 2967 scripturae
781 2901 889 2949 uersae
915 2892 990 2949 suut
1004 2886 1078 2949 olim
1094 2886 1126 2948 in
1141 2886 1201 2950 lin·
1244 2884 1337 2947 stomi
1352 2884 1419 2947 loeo
1438 2884 1575 2957 adduxit,
1589 2900 1758 2966 possumus
1772 2890 1876 2948 temen
1892 2899 1950 2946 nos
1965 2885 2031 2947 luca
2044 2882 2118 2979 ejus

323 2982 416 3046 guam
431 2968 735 3048 chaldaicam,quae
758 2973 833 3033 tuno
854 2972 921 3031 crat
935 2967 1131 3050 vulgaris,et
1145 2982 1201 3047 po·
1244 2970 1406 3029 annotare.
1433 2967 1547 3030 Homil.
1563 2967 1596 3031 9.
1612 2968 1644 3030 in
1660 2968 1754 3048 epist.
1779 2967 1819 3029 ad
1843 2966 1965 3030 coloss.
1986 2966 2115 3045 armoe,

322 3054 390 3111 stea
410 3050 444 3113 iu
458 3066 600 3130 graecam
615 3051 764 3130 linguam,
778 3065 858 3129 quaa
870 3050 961 3113 etiam
975 3056 1048 3113 tuno
1059 3050 1200 3115 eratrul·
1243 3046 1356 3128 inquit,
1373 3047 1693 3123 coronamentum
1713 3064 1839 3126 omncs,
1861 3053 2050 3125 eornpurute
2062 3064 2119 3111 ou·

326 3129 421 3209 garis,
446 3137 477 3195 et
490 3132 631 3212 Apostoli
645 3132 696 3193 itta
720 3132 921 3194 translatione
942 3131 992 3195 usi
1006 3137 1091 3195 sunt.
1114 3132 1199 3196 Post·
1245 3127 1429 3206 bisdiblim
1446 3131 1923 3211 nnimoeplrormoco‚etothit
1936 3129 2116 3193 alludunt

233 3262 234 3265 η
322 3212 449 3275 modum
476 3214 570 3277 ctiam
592 3228 702 3277 uersae
728 3217 802 3276 sunt
824 3213 856 3275 tn
879 3212 1019 3293 linguam
1044 3213 1197 3288 latinam,
1244 3213 1296 3284 to,
1311 3212 1362 3275 uel
1375 3228 1500 3276 nomen
1516 3213 1749 3279 Testamentum
1764 3214 1936 3294 acquirite,
1952 3210 2120 3291 Apootoio·

321 3295 447 3371 qnando
459 3294 510 3359 ille
525 3300 590 3359 erat
601 3293 749 3375 uulgaris,
759 3301 790 3358 et
800 3294 1083 3359 christusinoruca
1095 3296 1198 3376 Sorip·
1242 3301 1321 3357 rann
1334 3300 1420 3369 octo,
1436 3296 1618 3375 Hooupctio
1632 3301 1692 3360 etc.
1708 3296 1827 3358 Similia
1842 3295 1935 3358 habet
1950 3294 2034 3358 bom.
2049 3293 2119 3360 2.in

321 3376 424 3438 turam
438 3376 541 3439 citarit
555 3392 700 3441 sermone
715 3376 847 3457 syriaco,
864 3375 955 3454 idest,
973 3376 1116 3458 vulpari3
1140 3377 1198 3459 igi·
1243 3375 1349 3439 llatth.
1364 3378 1492 3456 praelat.
1509 3378 1541 3439 iu
1557 3378 1649 3457 epist.
1665 3378 1698 3441 b.
1712 3377 1798 3441 Pauli
1814 3377 1923 3439 homil.
1939 3375 1971 3439 3.
1988 3375 2021 3439 ἰη
2033 3373 2117 3458 Ἀρὰ

321 3461 372 3518 tur
387 3457 508 3521 nullum
520 3464 568 3523 est
578 3458 737 3539 piaculum
752 3474 806 3523 cas
820 3464 940 3524 vertera
954 3458 987 3523 in
998 3459 1121 3541 linguas
1133 3460 1198 3525 nul·
1243 3458 1356 3521 thess.
1374 3460 1459 3522 horn.
1477 3458 1528 3523 ib.
1544 3459 1575 3521 in
1590 3458 1639 3522 lo.
1655 3465 1686 3522 at
1698 3460 1783 3523 horu.
1800 3459 1832 3521 b.
1848 3458 1889 3522 de
1903 3458 2026 3521 muro.

322 3554 426 3618 geres.
922 3538 929 3553 '
1283 3540 1490 3620 Respondent
1512 3541 1604 3605 rerba
1620 3540 1831 3623 chrysostomi
1844 3556 1925 3619 quae
1939 3542 1971 3603 ln
1987 3542 2116 3609 concio·

365 3620 577 3701 Respondao:
602 3621 636 3685 in
662 3621 772 3701 primis
794 3637 854 3689 noa
878 3637 942 3687 nnn
957 3638 1085 3705 negare,
1100 3640 1197 3707 posse
1242 3620 1337 3686 nibus
1360 3622 1549 3702 tti⁰f⁰r⁰b⁸h
1576 3638 1702 3703 semler
1725 3622 1907 3702 accipianda
1933 3636 2007 3687 ⁰⁵⁵0
2024 3624 2117 3705 juxta

325 3698 503 3781 Scripturas
517 3704 593 3767 narti
608 3703 640 3766 in
655 3704 778 3785 linguas
788 3704 944 3787 vulgares:
958 3706 1015 3771 sed
1027 3708 1110 3787 quod
1122 3724 1197 3773 eon·
1241 3709 1377 3767 mentem
1392 3704 1505 3783 ipsius,
1527 3709 1560 3767 el
1572 3703 1756 3769 occasiones
1770 3705 1886 3785 quibus
1900 3702 1938 3768 od
1954 3720 1991 3769 ed
2005 3706 2115 3771 dioen-

324 3783 482 3849 tendimus
497 3790 556 3862 ost,
584 3800 647 3851 non
662 3787 778 3851 debera
793 3787 918 3867 publice
932 3788 994 3868 legi
1010 3788 1116 3870 lingua
1129 3790 1196 3855 rul·
1228 3785 1281 3848 ,da
1295 3786 1517 3850 adducebatur.
1531 3786 1682 3860 Quoniam
1697 3787 1845 3867 igitur-eo
1860 3792 2000 3865 ternpore
2013 3788 2114 3853 dediti

323 3865 404 3944 gari,
419 3882 478 3931 neo
493 3866 611 3949 possim
623 3868 768 3932 omnibus
782 3868 917 3947 permitti
930 3869 1080 3949 legendas
1093 3870 1195 3953 Sorip·
1240 3873 1329 3930 crant
1342 3868 1487 3931 homiues
1500 3868 1641 3945 theatris,
1649 3868 1850 3949 spectaculis,
1859 3868 1993 3949 aliisque
2004 3870 2113 3952 nugis,

321 3950 407 4010 turns
422 3949 526 4031 lingua
540 3950 669 4031 uulgari.
682 3949 787 4013 Utrum
799 3956 900 4015 aulem
912 3949 1118 4033 Hieronymus
1130 3969 1196 4019 rer·
1212 4024 1214 4027 Α
1240 3953 1273 4011 ct
1285 3948 1461 4029 Scripturas
1475 3949 1595 4014 divinos
1610 3965 1770 4031 nunquiffl
1785 3951 1943 4031 legebant,
1955 3966 1997 4015 nd
2009 3952 2031 4015 it'
2043 3954 2115 4033 qui·

320 4028 395 4091 terit
410 4030 441 4092 in
458 4032 597 4112 lingnam
620 4032 828 4095 sclavonicam
851 4032 1114 4113 diriuesLttercs,
1130 4051 1196 4099 non
1240 4030 1527 4111 demquicapaoes
1548 4038 1658 4109 craut3
1684 4038 1848 4113 propterea
1870 4030 2114 4113 chrysostomus
2204 4045 2205 4086 t

321 4116 408 4174 certo
423 4112 502 4176 soto.
518 4114 676 4192 Nusquam
699 4114 782 4178 entur
804 4114 836 4178 id
857 4113 919 4195 legi
944 4115 1025 4195 apud
1044 4110 1195 4199 Hierony·
1238 4112 1279 4175 ad
1294 4128 1362 4175 earu
1376 4114 1529 4177 desidium
1550 4114 1777 4191 excutiendam,
1793 4120 1944 4194 perpetuo
1965 4114 2113 4181 hortaba-

318 4206 418 4269 mum,
441 4195 489 4257 rat
508 4196 591 4275 apud
606 4194 705 4259 ullum
718 4194 884 4267 Veterem:
902 4200 1004 4260 tumen
1018 4196 1046 4261 si
1061 4196 1094 4262 id
1108 4198 1194 4277 tecit,
1239 4198 1289 4256 tur
1301 4210 1412 4258 omnes
1426 4196 1465 4257 ad
1479 4194 1645 4259 lactionum
1671 4195 1914 4277 scripturarum,
1938 4212 2002 4259 non
2024 4197 2113 4278 pund

318 4289 384 4337 non
400 4274 472 4341 ideo
488 4277 572 4353 tecit,
586 4280 621 4339 ut
635 4277 761 4355 publice
775 4278 933 4357 legeretur
943 4277 1100 4359 Scriptura
1115 4280 1195 4345 scla-
1238 4275 1332 4339 veltet
1352 4290 1462 4339 omnes
1483 4276 1610 4341 omnino
1631 4277 1724 4342 ctiam
1744 4278 1931 4343 rudissimos
1945 4277 1978 4341 id
1993 4277 2110 4360 tacere,

319 4356 443 4430 eunice,
472 4358 530 4422 sed
551 4358 588 4421 ad
615 4358 861 4423 consolationem
886 4375 995 4425 eorum
1019 4361 1192 4439 hominum,
1238 4356 1296 4419 sed
1310 4361 1346 4419 ut
1358 4357 1382 4419 ii
1396 4358 1506 4421 saitem
1521 4358 1552 4421 id
1566 4359 1717 4437 lacerant,
1737 4359 1791 4441 qul
1812 4378 1885 4424 eum
1904 4360 2006 4425 fructu
2020 4367 2112 4441 pote·

286 4492 288 4495 .
318 4437 373 4516 qui
390 4454 427 4500 ea
443 4438 513 4502 siue
534 4439 675 4519 periculo
690 4440 734 4504 uti
757 4446 909 4521 poteraut,
955 4443 1195 4507 uamadmodum
1238 4443 1318 4501 ronl-
1342 4438 1467 4503 Sciebat
1490 4440 1576 4504 enim
1599 4456 1636 4505 se
1660 4458 1732 4505 oum
1746 4442 1786 4505 iis
1800 4458 1905 4522 agere,
1921 4444 1977 4521 ttui
1992 4443 2110 4509 talibus

318 4522 352 4613 ot
365 4518 447 4597 opud
463 4536 522 4583 nos
536 4522 597 4583 hoo
611 4525 751 4601 temporo
774 4521 867 4586 certis
889 4458 1075 4603 quamdam
1095 4524 1194 4589 humi·
1238 4518 1532 4601 ampttucadontbns
1554 4523 1743 4605 indigerent.
1758 4522 1794 4588 Id
1808 4530 1911 4587 nutem
1927 4524 1967 4587 ita
1981 4539 2055 4589 csse
2072 4541 2112 4591 ex

318 4599 416 4663 nibus
431 4602 628 4666 conceditur.
644 4602 750 4679 Porro,
769 4604 864 4668 editio
879 4602 1036 4668 ebotdaicn
1051 4620 1115 4669 non
1132 4611 1195 4671 tam
1238 4602 1344 4665 multis
1365 4602 1436 4684 ejus
1455 4604 1536 4669 locis
1556 4604 1761 4669 demonstrari
1783 4611 1914 4689 posset:
1935 4606 1994 4670 sed
2008 4607 2111 4675 uibus

318 4684 438 4756 versio,
466 4698 558 4763 quam
583 4684 782 4765 paraphrasis
804 4690 863 4761 est,
886 4702 945 4750 neo
960 4702 1096 4767 unquam
1110 4684 1194 4771 apud
1239 4688 1358 4749 tantum
1372 4685 1405 4748 in
1420 4686 1578 4767 praesenti
1592 4693 1757 4752 contentus
1771 4703 1839 4753 ero.

319 4763 494 4829 catholicos
508 4782 654 4848 magnam
668 4764 776 4829 habuit
790 4767 1012 4832 auctoritatem.
1279 4766 1375 4847 igitur
1389 4767 1474 4832 hom.
1489 4768 1522 4832 l.
1535 4768 1575 4833 de
1589 4771 1702 4834 tanaro
1716 4770 1764 4832 sic
1777 4769 1841 4834 ait:
1854 4767 1926 4835 Non
1937 4772 2042 4848 potest
2053 4769 2112 4850 yle·

362 4845 451 4919 Quod
470 4862 544 4913 aero
568 4848 607 4913 da
622 4864 733 4931 macen
748 4849 948 4913 transtatione
964 4849 1112 4925 adfertur,
1134 4866 1192 4933 pro
1237 4846 1280 4925 ri,
1292 4850 1669 4931 tumbaqueomeulotem
1682 4858 1889 4935 acceptentur,
1901 4853 2109 4933 rtipcrpctuu

317 4926 413 4991 nobis
428 4929 501 4992 tacit
515 4946 602 4995 :non
615 4931 798 4995 cuiminlin
823 4948 891 4995 uem
906 4946 1049 5012 maccam
1064 4936 1193 4998 translu-
1236 4936 1385 4997 cernetur
1407 4933 1447 4997 iu
1472 4933 1609 4997 lectione
1629 4933 1784 5014 spirituli.
1806 4933 1845 4998 ht
1864 4934 1893 4997 si
1906 4934 2111 5016 lrocproprie

312 5013 369 5072 ,iae
381 5016 454 5073 sunt
465 5010 735 5093 scripturaeque
747 5028 783 5078 ee
794 4948 899 5093 ringor
911 5018 996 5079 essct
1007 5014 1193 5095 quibusdam
1237 5012 1417 5093 accipiatur,
1433 5015 1504 5093 quis
1519 5030 1582 5079 non
1596 5014 1700 5079 rideat
1713 5030 1786 5079 esse
1799 5014 2020 5081 falsissimum?
2033 5017 2113 5097 quid

318 5091 467 5171 volgaris,
491 5094 546 5156 scd
563 5094 636 5173 qnia
657 5092 911 5159 communissima
926 5099 1003 5161 erat.
1019 5095 1093 5161 Num
1108 5102 1193 5163 uerte
1237 5094 1350 5159 euim?
1369 5095 1423 5176 qui
1444 5097 1634 5161 literesnon
1655 5096 1832 5163 didicerunt
1852 5098 1929 5163 salai
1950 5112 2024 5163 esse
2044 5114 2111 5165 non
2204 5163 2205 5168 ,

315 5172 498 5239 Ptolomaeo
512 5174 589 5256 Regi
601 5176 740 5258 Aegypti,
757 5176 812 5258 qui
825 5192 879 5241 oea
892 5176 1050 5242 transferri
1064 5178 1191 5258 curarit,
1236 5177 1410 5255 poterunt?
1430 5176 1524 5258 igitur
1544 5178 1744 5259 hyperbolica
1765 5194 1803 5243 ea
1823 5180 1939 5245 locutio
1962 5184 2023 5257 cst,
2045 5195 2110 5245 uon
2204 5187 2205 5220 t

316 5271 383 5319 uon
400 5264 467 5321 erat
480 5258 616 5337 uulgaris
637 5258 743 5355 lingna
757 5274 881 5339 graece.
908 5258 995 5323 ldam
1011 5259 1081 5325 dico
1095 5260 1135 5325 de
1149 5262 1193 5324 lu·
1236 5262 1374 5337 propria.
1389 5258 1480 5322 Hom.
1498 5260 1548 5322 ts.
1565 5260 1599 5322 in
1614 5259 1729 5324 Gentes.
1751 5261 1870 5342 licque,
1894 5260 2006 5341 inquit,
2019 5262 2110 5329 inre

317 5338 396 5417 tina,
420 5339 586 5403 translatas
607 5339 751 5405 videlicet
765 5340 937 5421 Scripturas
951 5340 984 5405 iu
998 5340 1135 5423 liupuem
1150 5342 1193 5405 la·
1231 5338 1337 5418 jueta,
1352 5355 1459 5421 neque
1472 5340 1601 5422 iniecto
1614 5341 1736 5419 iurare
1752 5342 1836 5407 ticet.
1852 5343 1889 5406 tit
1902 5344 1990 5407 hom.
2008 5342 2059 5409 tr.
2074 5344 2107 5410 to

318 5419 429 5497 tinam,
447 5438 486 5486 eo
502 5421 586 5503 quod
602 5422 653 5486 illa
677 5425 762 5487 esset
782 5422 958 5487 eommunis
978 5422 1011 5486 in
1025 5429 1089 5487 toto
1104 5422 1192 5488 Occi·
1237 5421 1343 5484 ttatth.
1359 5419 1444 5498 Quid
1456 5423 1570 5502 ipitom
1582 5422 1694 5504 lnquit,
1705 5424 2110 5507 mmtputejuramcnturn

314 5498 424 5597 dente,
439 5504 561 5570 tametsi
577 5504 767 5588 quibusdem
786 5506 895 5587 paucis
910 5504 1012 5571 adhuc
1026 5510 1112 5571 esset
1126 5504 1192 5599 nul·
1236 5504 1361 5601 eminet,
1378 5509 1408 5568 ct
1428 5506 1652 5604 heccardotcna
1666 5506 1849 5606 jurationis
1867 5510 2048 5607 imponat?
2067 5511 2112 5575 cit

317 5597 499 5757 mffiitlud
510 5665 551 5763 rte
567 5666 701 5735 Christo.
717 5666 783 5734 Htsi
795 5666 989 5765 Epiphanius
1001 5666 1125 5735 haeresi
1137 5668 1189 5734 be.
1235 5584 2111 5765 ytibdtetmlfflr'r'llss‘ggffleoejmrffifcrlrtmqffi

314 5760 395 5825 quae
410 5751 459 5811 ost
477 5746 668 5827 bunuorum,
685 5751 854 5829 existimet,
871 5750 1025 5817 Ghrrstum
1050 5751 1082 5815 in
1098 5766 1191 5817 cruce
1236 5763 1310 5813 men
1325 5756 1444 5815 certum
1459 5757 1511 5825 snt,
1528 5768 1601 5817 esso
1614 5759 1717 5817 aetum
1741 5754 1923 5835 religiosum
1946 5759 1978 5819 et
1990 5752 2111 5821 honum

314 5828 427 5908 partim
457 5826 616 5907 hebraice,
643 5834 753 5909 partim
776 5833 896 5915 syriace
913 5831 1084 5915 'protulisse
1107 5834 1193 5897 illum
1233 5829 1428 5913 jurareinre
1442 5832 1782 5916 justaetnccessaria:
1799 5835 2111 5919 sedchrysostomos

316 5910 520 5989 sententiam,
536 5914 621 5977 liceto
642 5928 746 5994 meuc,
771 5917 855 5979 item
869 5932 973 5995 meros,
989 5922 1027 5981 ut
1040 5917 1124 5998 quid
1138 5917 1193 5981 dc·
1237 5915 1392 5996 ejusmodi
1414 5915 1707 5997 ampttttcattouibos
1728 5916 1760 5981 in
1775 5918 1983 5983 concionibus
1997 5920 2108 5986 uteba·

315 5991 485 6089 reliquiati
504 6011 585 6066 nee:
605 6000 707 6061 tameo
733 5996 927 6080 probabilius
942 6004 1110 6093 eat,totam
1135 5997 1191 6067 tre·
1236 6002 1296 6080 tur,
1314 5998 1459 6081 quoniam
1480 5999 1617 6083 populus
1637 5997 1737 6082 ipsius
1762 5999 1841 6068 miro
1856 6000 1949 6068 modo
1964 5999 2111 6071 addictus
