4792 7009
358 690 361 697 ’
382 720 435 790 tra
1149 714 1255 776 runux

312 864 412 931 liebet
426 862 523 933 erarii
537 868 675 944 tempure
688 862 864 931 lattabrtsn
880 859 954 923 444.
977 857 1057 922 483.Ι
1221 846 1357 931 Apostoli
1372 862 1439 921 cur,
1456 840 1650 939 abstinebunt
1664 856 1682 903 a
1695 843 1823 941 nomine
1841 842 2010 909 sacerdotii
2022 840 2107 912 448.

311 950 424 1014 Romae
439 964 478 1009 an
495 947 535 1009 sit
550 946 588 1007 ita
603 945 660 1009 ilua
676 952 769 1014 sedes
781 946 971 1028 apostolica,
988 948 1021 1005 ut
1035 937 1107 1003 inde
1123 954 1175 1021 44·
1222 934 1455 998 Sacramentum
1469 921 1685 991 eucharistico.
1700 926 1777 990 Vrdo
1791 942 1883 1009 supra
1910 944 1940 993 r.
1971 933 2102 997 lineba-

356 1031 427 1093 terri
445 1046 506 1093 non
523 1029 622 1110 possit
634 1028 707 1093 482.
1262 1015 1360 1077 ristia.
1715 1091 1722 1104 ι

310 1116 425 1179 Romae
440 1114 568 1174 maxima
584 1113 652 1175 laus
666 1130 704 1175 ex
719 1132 757 1177 en
771 1112 853 1193 quod
869 1124 992 1173 romena
1016 1103 1175 1182 particula·
1221 1098 1449 1161 Sacramentum
1465 1098 1618 1156 extremae
1639 1092 1794 1155 unctionis
1823 1091 1918 1159 babet
1933 1102 1998 1161 tres
2013 1098 2099 1164 eue-

353 1199 396 1260 ris
411 1194 596 1257 Ecclesia-in
611 1194 672 1257 444
688 1214 791 1261 errare
807 1212 867 1258 nnn
885 1198 986 1274 potest
1000 1188 1072 1251 482.
1262 1187 1331 1243 ctus
1345 1179 1397 1241 84.
1463 1258 1469 1273 ι
2069 1266 2077 1279 ·

315 1280 430 1343 Romae
442 1280 577 1357 dignitas
598 1286 724 1357 propter
737 1277 883 1357 reliquias
896 1278 1075 1354 martyrum.
1091 1284 1177 1349 prae·
1222 1264 1305 1338 Quae
1317 1265 1355 1323 ad
1368 1267 1522 1323 maternam
1536 1254 1706 1351 ctiormam
1718 1265 1980 1351 sacramentorum
1995 1272 2099 1345 pertr-

353 1362 444 1441 eipue
460 1362 667 1459 apostolorum
683 1362 761 1426 Petri
778 1368 808 1424 et
823 1358 906 1421 Pauli
921 1356 991 1419 344.
1015 1354 1086 1451 444.
1100 1351 1177 1479 lili:
1222 1429 1243 1492 s
1263 1338 1976 1502 444140ὃεῑιέηέςῗῖ4ὦ4ι4ῗιί41414ἑιοωῖιέιιὲιῶἑἒθὸωοὶῃω
1991 1430 2059 1493 294
2153 1422 2157 1429 st

310 1444 671 1591 Rosnkrlaeopsstcrgza'ingmhl
674 1451 758 1589 444218
772 1444 878 1508 sedem
894 1436 1097 1504 suanorum
1110 1450 1163 1516 lus
1221 1446 1423 1574 8ἓὲζί4444444.
1436 1470 1515 1569 tiata
1525 1521 1555 1565 a.
1571 1502 1675 1565 blissa.
2062 1478 2073 1494 ’

312 1610 399 1683 4444
416 1610 523 1671 Petrus
537 1608 628 1671 luerit
642 1611 766 1683 Romae,
781 1608 927 1689 probatur
939 1603 1010 1667 844.
1222 1593 1411 1657 Sacrificium
1426 1586 1537 1653 Christi
1553 1586 1646 1648 babet
1660 1585 1811 1651 inlinitum
1827 1589 1997 1656 efficaciam
2010 1596 2092 1662 244.

311 1694 348 1755 lit
364 1692 506 1753 llomanis
521 1694 620 1772 primo
636 1692 859 1772 praedicaverit
880 1688 951 1751 344.
974 1684 1083 1765 Ibique
1098 1698 1177 1745 mor·
1222 1675 1377 1741 Sacribcla
1392 1679 1504 1768 vetera,
1518 1668 1833 1763 christipassionem,
1860 1680 1892 1734 44
1911 1676 2006 1740 simul
2036 1698 2095 1743 uo-

351 1780 423 1837 lnus
434 1774 506 1837 445.
1261 1767 1355 1821 stram
1372 1756 1558 1818 oblationem
1574 1751 1777 1831 desrgnabaut
1792 1754 1864 1817 324.

311 1857 447 1919 Romana
471 1856 564 1921 sedes
579 1856 659 1919 Patri
677 1857 822 1921 cathedra
838 1852 909 1917 372.
926 1851 998 1915 384,
1222 1840 1412 1906 8444444444
1427 1838 1587 1900 licolcsiae
1603 1832 1761 1911 publicum
1775 1839 1910 1901 cessabit
1924 1840 1957 1903 iu
1979 1859 2093 1923 perse·

311 1942 448 2005 Romana
459 1938 600 2003 Ecclesia
616 1945 713 2005 mater
724 1939 862 2005 omnium
891 1933 1092 1999 ecclesiarum
1106 1929 1176 1995 354.
1262 1923 1410 2003 quatinne
1420 1918 1597 1982 antichristi
1608 1916 1681 1979 434.

355 2021 427 2085 384.
1221 2005 1410 2070 Sacrificium
1423 2004 1492 2065 sinc
1505 2002 1576 2064 rino
1591 1996 1750 2061 celebrare
1774 2000 1976 2071 Innocentius
1997 2009 2086 2073 tltl.

313 2106 469 2168 itomanac
491 2104 643 2168 ecciesiae
658 2105 748 2184 primi
765 2102 941 2167 fundatores
955 2096 1176 2160 344344434.
1263 2088 1403 2184 permisit
1416 2084 1572 2183 liorregis.
1582 2087 1613 2143 44
1628 2084 1707 2178 mate
1722 2082 1794 2146 444.

312 2189 442 2283 Romani
456 2188 729 2267 reprehenduntur
743 2188 825 2269 quod
847 2184 887 2247 ab
902 2182 1040 2261 Eugenio
1061 2180 1180 2243 disces·
1221 2168 1420 2316 lufggnllcro
1435 2166 1626 2298 offerendum
1643 2180 1748 2227 vanum
1779 2184 1856 2247 aqua
1878 2174 2093 2253 temperatum

311 2268 724 2432 Resursasggrtuffiespublicn.
741 2344 1026 2430 regnmmonarchia
1042 2343 1177 2408 444344.
1221 2338 1256 2400 44
1272 2300 1424 2398 sacrificio
1437 2329 1552 2395 missae
1566 2328 1705 2393 Christus
1715 2331 1806 2394 ollert
1820 2348 1855 2397 se
1878 2337 2093 2429 permisisse.

312 2436 515 2498 Romanorum
527 2439 722 2514 magistratus
737 2454 752 2495 a
769 2434 887 2513 populo
902 2430 973 2493 344.
1172 2497 1175 2505 ¹
1262 2421 1341 2512 rium
1350 2416 1550 2514 'sacerdotum
1571 2413 1644 2507 434.
1656 2413 1729 2509 444.
1744 2414 1818 2477 444.

310 2518 467 2581 Romanus
488 2520 624 2599 populus
639 2534 809 2597 numquam
833 2516 898 2577 tere
926 2510 1035 2574 babuit
1049 2512 1179 2589 impera·
1223 2500 1412 2597 8444444444
1425 2514 1483 2595 pro
1497 2496 1706 2576 demensque
1718 2506 1862 2575 jurantur
1875 2502 2007 2599 animae·
2019 2523 2086 2584 pur·

359 2603 433 2663 [osis
448 2601 573 2664 creandi
589 2608 769 2677 Doleslaoeffi
786 2596 857 2661 415,
1264 2590 1382 2662 galoni·
1397 2581 1475 2644 vido
1488 2594 1579 2656 supra
1595 2594 1623 2641 V·
1639 2579 1858 2643 ΒΘῘΠΜΙΟΓΙΠΠ
1878 2582 2045 2667 Sufffflgla,
2059 2597 2091 2651 et

312 2682 483 2745 Romanurn
499 2683 666 2768 imperium
681 2682 805 2764 quando
833 2678 937 2759 coepit
962 2675 1112 2738 inclinare
1141 2672 1179 2737 ad
1263 2683 1294 2729 4.
1306 2665 1419 2740 Oratio,
1437 2673 1467 2725 et
1482 2662 1635 2757 baeresim
1650 2668 1754 2759 contra
1771 2664 1831 2725 boc
1844 2664 1918 2728 458.

350 2767 469 2829 ruinam
481 2764 554 2828 429.
1225 2748 1368 2813 Salomon
1380 2764 1407 2811 s.
1419 2748 1580 2825 augustam
1594 2749 1758 2819 sententia,
1781 2746 1879 2811 alteo
1903 2752 2093 2828 reprobatus

313 2848 481 2911 Romanum
498 2848 661 2929 imperium
687 2848 755 2911 sine
784 2845 860 2910 urbe
888 2843 982 2906 llnma
1007 2838 1178 2903 consistere
1267 2829 1381 2927 estat.
1568 2908 1574 2921 ,
1753 2912 1760 2923 .
1815 2912 1821 2925 Ι
1948 2915 1954 2929 ¹

352 2930 540 3009 4444444433,
734 2970 737 2977 .
1037 2940 1038 2943 “
1226 2914 1355 2977 Satratan
1370 2908 2092 2990 estnpuslleretcunaenrtetramcbnstollil.

312 3012 495 3077 Omnimcda
511 3015 579 3083 elus
593 3013 744 3076 desolatio
760 3010 883 3091 quando
905 3004 1064 3086 continget
1085 3004 1157 3067 432.
1224 2997 1335 3091 Anima
1348 2994 1448 3088 ipsius
1463 2991 1613 3086 Samuelis
1628 3008 1699 3055 rere
1714 2997 1854 3071 apparuit
1865 2995 1994 3091 84444444
2006 3000 2088 3064 284.

311 3094 448 3159 llomano
460 3098 590 3174 imperio
605 3097 738 3159 extincto
753 3090 1069 3157 renietdnticbristus
1083 3085 1156 3149 428.
1225 3079 1327 3141 844444
1344 3085 1460 3171 sanctas
1482 3075 1662 3137 bomrnrbus
1676 3092 1755 3171 quae
1770 3088 1954 3172 conueniant
1966 3080 2041 3143 248.

312 3173 1180 3261 itomanumlmperiumsignificatumperbestlamquan·
1226 3162 1338 3225 Eorum
1354 3166 1459 3222 mettin
1472 3157 1627 3238 quomodo
1640 3156 1733 3221 nobts
1757 3164 1930 3239 prosuntad
1956 3166 2087 3229 salutem

352 3260 657 3343 4444444444.
1267 3242 1340 3340 aco·
1488 3322 1494 3336 .
1909 3324 1917 3338 .

1229 3327 1273 3388 44
1287 3328 1356 3389 allos
1371 3322 1610 3401 conloquendum
1628 3338 1658 3382 an
1676 3338 1809 3385 miserus
1825 3332 1936 3389 nostras
1952 3326 2030 3393 444.

738 3448 760 3515 S
900 3376 905 3385 ’
1226 3404 1907 3553 4844444444444441444414441244ὦ4).444444.

1248 3507 1285 3553 44
1309 3506 1422 3553 urmse
1450 3505 1485 3550 su
1511 3504 1588 3549 ocur
1634 3504 1653 3549 r
1731 3533 1739 3548 .

1226 3509 1373 3651 Sanguini
1386 3569 1497 3634 Cbristi
1508 3568 1650 3631 tribuitur
1664 3578 1767 3631 nostra
1781 3572 1953 3653 redemptio
1967 3575 2045 3640 242.

316 3650 480 3716 Sacerdos.
496 3650 575 3713 Vide
590 3650 680 3717 etiarm
696 3668 724 3715 r.
741 3650 915 3732 Presbyter.
1227 3655 1380 3735 Sapientia
1395 3652 1537 3715 tribuitur
1550 3650 1627 3713 44444
1642 3650 1697 3714 444
1714 3652 1784 3715 448.

318 3734 471 3796 Sacerdos
486 3742 535 3795 est
549 3733 687 3798 Christus
702 3741 735 3797 44
750 3735 842 3796 lromo
859 3732 931 3796 434.
1227 3737 1381 3816 Sapientia
1393 3735 1541 3799 naturalis
1556 3733 1676 3797 cbristo
1690 3736 1807 3799 bomini
1821 3735 1895 3802 248.

316 3817 463 3881 Summus
485 3818 631 3882 sacerdos
652 3816 791 3881 cbristus
813 3817 915 3879 semel
943 3829 978 3877 se
1004 3812 1117 3875 obtulit
1143 3811 1175 3873 in
1222 3818 1531 3883 stranauversarlam
1546 3814 1698 3895 signifieat
1713 3816 1785 3880 334,

357 3915 450 3960 crure
464 3915 520 3978 pro
544 3900 644 3975 nobis,
662 3905 693 3961 et
706 3916 790 3963 nunc
818 3914 854 3961 se
868 3896 957 3962 oilert
984 3910 1040 3975 per
1068 3910 1177 3957 munus
1222 3901 1394 3965 sarlelaotlo
1409 3916 1464 3979 pro
1478 3899 1589 3978 poenis
1602 3900 1825 3979 temporalibus
1839 3900 1913 3964 444.

353 3982 546 4045 sacerdotum
562 3982 636 4047 444.
1016 4058 1024 4073 .
1113 4058 1119 4071 1
1221 3986 1354 4049 84444444
1369 3990 1400 4046 44
1413 3982 1564 4061 sapientia
1579 3982 1696 4060 repleta
1720 3990 1770 4046 est
1798 3984 1898 4047 anima
1913 3983 2029 4051 Christi
2053 3988 2096 4051 ab

313 4062 459 4126 Summus
474 4066 621 4130 sacerdos
635 4063 822 4130 testamenti
836 4062 950 4129 ueteris
974 4075 1065 4141 capus
1076 4074 1121 4121 rer
1133 4064 1177 4141 ty·
1261 4068 1328 4147 ipsa
1343 4082 1398 4129 sua
1413 4065 1569 4127 creatione
1580 4064 1653 4126 244.

354 4164 413 4226 pus
428 4155 492 4209 erat
507 4147 579 4209 324.
1191 4156 1195 4163 “
1227 4150 1415 4228 Scriptorum
1428 4159 1584 4211 sacrorum
1600 4147 1735 4224 linquae,
1752 4152 1785 4210 et
1804 4164 1926 4224 manus,
1959 4152 2095 4231 Spiritus

312 4228 457 4293 Summus
471 4232 619 4293 sacerdos
630 4230 815 4295 Testamenti
830 4229 913 4293 noui.
938 4228 1015 4291 tilde
1042 4242 1070 4287 r.
1100 4225 1178 4288 Pou-
1262 4234 1358 4295 saneti
1371 4232 1480 4293 4444444
1497 4230 1693 4307 appellantur
1706 4230 1760 4293 24.

354 4314 441 4374 titex.
1222 4315 1376 4395 Scriptura
1392 4312 1656 4391 sacre.Scriptura
1671 4311 1723 4375 ilia
1738 4315 1803 4393 ipsa
1833 4330 1913 4393 quae
1941 4332 1959 4376 e
1988 4318 2087 4396 lloyse
2143 4375 2152 4386 ,

314 4392 467 4457 Sacerdos
482 4394 606 4474 proprio
628 4408 682 4457 ore
695 4408 812 4475 corpus
833 4392 954 4457 bomini
976 4388 1125 4466 coniicit,
1147 4394 1179 4453 et
1262 4404 1294 4459 et
1306 4396 1465 4475 pmpbetis
1478 4395 1602 4469 condita
1616 4402 1675 4468 est,
1705 4412 1744 4459 un
1759 4398 1798 4459 ad
1827 4412 1885 4459 nos
1899 4414 2002 4478 usque
2016 4416 2086 4477 per·

356 4483 480 4555 peecata
496 4478 620 4539 dimittit
633 4475 706 4539 488.
1263 4481 1383 4542 venerit
1396 4479 1447 4541 44.

315 4558 497 4623 Sacrificaos
509 4576 570 4621 non
586 4567 690 4639 potest
702 4562 771 4625 sine
783 4558 1047 4639 sacrileglounam
1061 4561 1177 4621 4444444
1223 4562 1377 4642 scriptura
1392 4576 1453 4623 uon
1467 4559 1562 4622 debet
1574 4558 1700 4637 publice
1713 4558 1775 4636 1444·
1789 4560 1891 4640 lingna
1906 4564 2024 4643 vulgari
2038 4562 2092 4626 44.

355 4649 470 4719 partem
487 4658 610 4705 sumere
623 4640 695 4703 434.
1223 4646 1266 4707 44
1278 4644 1465 4707 sufficienter
1476 4646 1607 4704 instruat
1619 4648 1651 4703 ct
1676 4642 1814 4721 perssciat
1842 4645 2000 4707 bominem
2030 4646 2094 4708 liei

313 4724 388 4804 lijus
411 4724 538 4787 uirtutes
567 4724 790 4793 adumbrantur
816 4724 1012 4789 intestibus
1038 4720 1177 4786 daronis.
1264 4727 1335 4789 435.

353 4806 448 4881 324.,
1190 4858 1194 4865 .
1223 4810 1398 4889 scripturae
1418 4806 1489 4872 linis
1503 4806 1647 4886 proprius
1660 4813 1692 4869 et
1705 4806 1902 4887 praecipuus,
1928 4815 1958 4872 ct
1982 4824 2025 4872 an
2048 4810 2094 4871 sit

313 4888 489 4953 Sacerdotis
503 4905 601 4953 norae
615 4890 695 4965 lepis
718 4888 903 4967 elucteris,
919 4886 1074 4969 quoddam
1090 4902 1179 4967 argu·
1261 4894 1366 4972 regula
1379 4890 1451 4953 4444
1467 4890 1538 4952 444.

355 4979 493 5033 annulum
510 4989 526 5033 a
540 4973 633 5035 simili
648 4971 720 5035 444.
1224 4973 1400 5053 Scripturae
1413 4988 1520 5036 sacrae
1530 4988 1586 5034 cur
1599 4971 1677 5034 nulli
1691 4986 1795 5052 neque
1810 4973 1958 5049 historici,
1981 4989 2088 5054 neque

313 5054 483 5133 lupectcre
497 5056 611 5120 summi
623 5054 793 5121 sacerdotis
806 5054 1030 5135 eratscriptum
1043 5050 1196 5117 doctrina.
1266 5058 1375 5135 444444
1386 5057 1595 5119 meminerunt
1609 5055 1662 5116 24.
1681 5133 1683 5137 ι

354 5145 385 5199 44
399 5136 509 5199 veritas
523 5137 596 5200 484.
1093 5190 1097 5197 .
1225 5139 1400 5219 Scripturae
1413 5154 1519 5201 sacrae
1533 5139 1775 5217 prophanatores
1788 5138 1871 5201 bens
1885 5138 1986 5216 punit.
2009 5139 2094 5202 ibid.

314 5218 498 5282 Sacerdotes
513 5220 658 5283 dicuntur
669 5216 781 5281 Cbristi
797 5219 870 5282 424.
893 5230 895 5237 ‘
1023 5261 1026 5270 ·
1227 5220 1631 5301 Scripturaecommeuteria
1645 5222 1697 5299 qui
1709 5222 1799 5299 primi
1812 5222 2004 5299 scripserunt
2017 5221 2093 5283 444.

315 5303 514 5365 sacerdotum
530 5302 664 5382 dignitus
685 5308 718 5365 et
730 5303 831 5365 honor
844 5302 917 5366 tlt.
1225 5305 1401 5381 Scripturas
1413 5306 1509 5384 judex
1530 5309 1580 5366 est
1591 5304 1728 5381 44444444
1742 5320 1813 5365 444
1828 5303 1961 5367 44444144
1976 5301 2049 5365 442.

314 5385 428 5448 Eorum
443 5383 542 5448 officia
558 5400 649 5465 repes
665 5384 810 5449 invadere
822 5381 1179 5465 nonpossuattttldli.
1227 5386 1403 5465 scripturae
1418 5389 1488 5449 siue
1503 5386 1731 5455 traditionibus,
1749 5402 1807 5447 nec
1826 5385 1950 5447 inerunt
1969 5388 2095 5465 simpli-

316 5467 430 5531 Eorum
447 5468 579 5530 concilio
596 5484 764 5547 numquam
787 5468 900 5549 legitur
927 5468 1037 5531 coliata
1061 5480 1180 5529 summa
1267 5470 1343 5533 citer
1352 5469 1560 5543 necessariae,
1585 5485 1642 5530 occ
1657 5467 1847 5531 sufficientes
1863 5469 1933 5529 444.

358 5556 496 5629 potestas
511 5550 583 5613 324.
1229 5551 1406 5631 Scripturae
1417 5566 1523 5615 sacrae
1538 5552 1694 5631 44444444
1708 5551 1922 5613 discernantur
1935 5569 1950 5612 a
1964 5566 2028 5613 non
2043 5568 2092 5613 sa·

320 5632 436 5695 liorum
471 5632 656 5696 coelibatus.
700 5632 775 5696 4444
803 5648 895 5713 supra
935 5648 964 5695 a.
1003 5629 1178 5695 coelibatus
1266 5635 1393 5698 44424.

355 5714 427 5777 443.
1229 5717 1262 5779 44
1281 5718 1439 5796 plerisque
1453 5716 1531 5779 locis
1559 5715 1708 5779 obscurae
1720 5715 1794 5777 444.

317 5797 537 5861 Sacerdotibus
555 5803 585 5860 et
601 5796 802 5877 pontificibus
817 5798 908 5861 etiam
936 5796 1040 5861 miuus
1061 5794 1178 5869 bouis,
1225 5798 1449 5879 scripturarum
1464 5814 1620 5862 sacrarum
1633 5797 1962 5862 mirabilisconcordia
1978 5799 2030 5861 24.

355 5880 455 5941 honor
469 5887 517 5943 est
528 5881 724 5943 adhibendus
741 5880 812 5943 445.
1223 5882 1268 5945 lix
1283 5884 1437 5962 Scriptura
1453 5898 1515 5943 nnn
1530 5882 1685 5945 intellecta
1699 5886 1789 5944 natac
1803 5888 1875 5945 suut
1889 5896 1999 5945 omues
2014 5883 2090 5946 bae·

315 5962 534 6027 Sacerdotibus
550 5964 735 6042 praestanda
749 5962 925 6031 obedientia
940 5962 1011 6029 448.
1264 5980 1353 6029 reses
1366 5965 1418 6028 84.
1441 5963 1515 6027 444.

315 6047 523 6110 Sacerdotaiis
540 6047 645 6109 unctio
659 6044 732 6109 443.
1224 6047 1282 6126 444
1293 6048 1355 6113 sint
1368 6048 1439 6111 libri
1450 6044 1529 6111 sacri
1544 6062 1602 6111 seu
1618 6046 1754 6111 canonici
1769 6045 1821 6109 28.
