4792 7009
195 857 204 904 ι
1015 834 1112 894 ttulit
1131 833 1254 895 tltttttts
1632 883 1635 890 .
1905 833 1957 896 ist

195 943 204 1058 ἶ
262 976 341 1041 seut
354 970 480 1046 Paulus,
496 969 651 1034 Christum
667 975 880 1035 evacuaturum
897 986 1019 1034 omnem
1036 971 1118 1052 prin·
1207 969 1250 1032 hd
1264 967 1435 1031 secundum
1453 967 1536 1032 idem
1552 963 1632 1031 dloo.
1649 967 1728 1063 titud
1746 971 1828 1034 enlm
1841 987 1930 1035 amira
1945 973 2028 1037 Deua

195 1060 199 1071 '
262 1060 385 1136 cipetum
402 1061 432 1116 st
446 1059 642 1134 potestatem,
658 1070 698 1115 na
713 1061 856 1133 putarent
872 1054 1018 1119 Corinthii
1032 1055 1117 1134 juxta
1163 1052 1299 1116 excludit
1313 1051 1407 1114 falsos
1419 1053 1509 1124 Deos,
1525 1067 1584 1112 nan
1600 1051 1721 1125 Titium:
1736 1054 1815 1114 sient
1827 1056 1908 1133 quad
1925 1059 2028 1135 sequi·

195 1183 202 1238 r
260 1136 534 1204 lanulasnchristo
546 1139 637 1200 etiarn
649 1136 767 1198 Patrem
780 1139 811 1198 in
825 1139 963 1200 ordinem
976 1137 1117 1216 redigen·
1163 1141 1215 1196 tar
1237 1135 1323 1198 dnus
1339 1133 2026 1216 Donrinmlesaaeeratuditlalsosdominos,

196 1263 198 1268 ·
262 1225 324 1287 dum
353 1235 438 1294 esse,
454 1219 610 1297 quomodo
626 1221 775 1282 Saturnus
791 1237 806 1280 a
822 1220 896 1282 Jove
912 1219 975 1282 ιιιιο
990 1221 1021 1280 in
1038 1219 1119 1280 ordi·
1164 1233 1226 1279 non
1243 1217 1372 1281 Putrem.
1390 1219 1433 1280 hd
1451 1218 1570 1280 tertium
1586 1217 1667 1282 dion:
1686 1218 1782 1293 linum
1798 1219 1944 1281 heuman
1959 1221 2027 1284 loeo

195 1278 201 1405 J
260 1319 322 1370 nem
343 1305 488 1366 redactus
513 1303 580 1379 tuit;
597 1303 776 1378 inscendit,
793 1307 904 1365 omnia
924 1302 1117 1382 subjicienda
1166 1299 1341 1378 significare
1370 1309 1459 1362 totam
1488 1301 1664 1362 Trinitatem
1679 1347 1689 1388 ,Ι
1714 1317 1729 1360 a
1756 1319 1814 1380 qua
1830 1301 2029 1382 distinguitur

195 1443 198 1467 ,
262 1388 388 1456 christo,
416 1391 537 1466 praeter
560 1389 645 1455 euin,
675 1389 727 1462 qul
754 1385 888 1465 subjecit
913 1384 941 1446 ei
958 1385 1071 1461 amnia3
1087 1392 1119 1447 et
1164 1381 1304 1446 Christus
1329 1384 1548 1454 utmadiator,
1577 1384 1667 1458 idest,
1693 1383 1843 1462 atham03
1860 1384 2028 1448 ideoenirn

196 1476 197 1485 ’
261 1487 315 1535 nau
341 1470 444 1531 solum
469 1469 541 1541 hoc,
564 1469 620 1530 sed
636 1469 726 1530 etiam
741 1465 844 1546 ipsum
861 1468 1012 1530 chri-stum
1029 1470 1119 1530 etlam
1160 1462 1280 1527 Tantus
1295 1465 1424 1538 addidit
1441 1467 1532 1528 homo
1548 1465 1686 1528 Christus
1699 1465 1802 1529 lasus.

261 1562 324 1633 tunc
341 1552 374 1613 in
391 1552 445 1614 illo
462 1552 628 1631 triumpho,
639 1557 800 1632 postquam
816 1556 896 1613 tantu
912 1549 1029 1627 lecerit,
1046 1550 1120 1620 suh·
1162 1579 1166 1584 -
1205 1545 1250 1610 hu
1264 1548 1393 1626 primum
1406 1549 1575 1628 sophisma,
1588 1555 1716 1628 negatur
1728 1552 1823 1628 prima
1835 1563 2031 1631 consequen·

258 1637 368 1718 jectum
385 1633 450 1697 lore
465 1649 523 1697 suo
538 1633 627 1714 patri.
1164 1629 1220 1708 tia;
1248 1638 1295 1692 est
1320 1631 1402 1694 enim
1429 1631 1539 1696 sinaitis
1556 1632 1638 1694 huic:
1656 1629 1763 1694 Petrus
1778 1639 1824 1694 est
1839 1632 2029 1698 tiliusunius

1164 1713 1227 1775 aeri
1254 1713 1399 1788 hominis;
1427 1729 1500 1792 ergo
1526 1715 1577 1792 qui
1595 1729 1656 1776 non
1672 1714 1766 1776 habet
1781 1715 1876 1778 filiurn
1893 1716 2028 1790 Petram,

937 1873 940 1876 ἦ
1165 1811 1227 1857 nou
1256 1801 1302 1857 est
1321 1811 1411 1856 uerus
1428 1796 1530 1858 horno.
1547 1796 1678 1858 Tametsi
1694 1799 1776 1858 enirn
1792 1799 1890 1860 deitas
1906 1815 1965 1864 non
1983 1806 2031 1864 est

570 1878 690 1945 CAPUT
710 1879 800 1944 llvll.
1085 1889 1089 1894 ’
1163 1878 1238 1956 quid
1265 1877 1439 1940 universale
1457 1886 1490 1939 ut
1504 1879 1691 1949 humanitas,
1708 1888 1809 1942 tamen
1826 1887 1873 1944 est
1886 1880 1917 1942 in
1936 1876 2031 1961 pluri·

1164 1960 1226 2024 hus
1241 1959 1421 2040 suppositis,
1440 1966 1470 2022 et
1484 1961 1554 2024 idea
1569 1962 1628 2022 aian
1646 1961 1946 2026 hahetunirersnlis.

397 2045 540 2109 Solvitur·
553 2052 784 2129 argumentante
807 2044 976 2123 Quartum
1205 2042 1249 2106 hd
1267 2043 1449 2114 seeundum,
1467 2059 1547 2119 nego
1561 2045 1804 2122 assumptionem
1822 2045 1915 2112 litum.
1932 2046 2032 2108 Trini-

195 2138 198 2150 ι
473 2136 480 2147 ·
1167 2130 1213 2187 tas
1230 2142 1289 2188 aon
1308 2126 1399 2187 hartrat
1414 2127 1623 2187 mediatorem:
1640 2141 1709 2188 nram
1727 2126 1867 2189 Christus
1884 2127 2032 2193 aredintor

195 2190 198 2231 ’
299 2211 407 2291 Quarta
434 2210 568 2291 objectio
595 2226 632 2274 ex
647 2211 758 2274 eodem
772 2211 875 2274 tlh.·2.
893 2228 961 2290 cap.
981 2212 1010 2275 a.
1028 2210 1120 2276 Solus
1165 2216 1214 2270 est
1229 2216 1258 2271 ut
1276 2211 1378 2280 hermo,
1395 2223 1458 2270 oon
1473 2215 1505 2269 ut
1517 2209 1611 2286 ¹lterum
1625 2209 1736 2270 etideo
1748 2210 2033 2275 mediatorestnon

196 2292 197 2299 ’
260 2297 347 2360 Pater
371 2301 419 2361 est
442 2309 524 2356 unus
549 2311 640 2360 verus
663 2295 758 2362 Deus.
787 2301 818 2356 ut
835 2291 901 2372 ipse
916 2297 1064 2357 ltomtuus
1079 2297 1121 2358 ait
1163 2291 1264 2354 solum
1290 2292 1387 2353 Patris
1407 2299 1440 2352 et
1468 2290 1602 2370 Spiritus
1615 2294 1724 2360 saneh.
1741 2293 1799 2354 sed
1817 2295 1906 2354 etlam
1923 2293 1970 2355 sui
1986 2294 2033 2372 lp·

196 2372 198 2383 '
255 2381 345 2443 toan.
372 2377 422 2440 tl.
447 2377 629 2455 Aprwacont
654 2384 683 2439 te
708 2378 939 2440 solnmuerum
954 2377 1121 2441 Deramlit
1163 2373 1242 2449 sius,
1264 2373 2033 2452 quatenuslpselieusest.sedrtehaeretaut·

258 2456 876 2524 protestationi.Nolieoutemunne
890 2459 1120 2534 mancoseo-
1165 2458 1239 2518 timo
1261 2455 1409 2518 libroerit
1425 2456 1591 2534 peculiaris
1607 2457 1783 2536 disputatio.
1909 2505 1914 2516 .

259 2548 315 2608 ter.
341 2543 376 2603 lit
400 2543 431 2604 l.
458 2541 535 2604 Tim.
552 2541 583 2603 2.
602 2541 687 2606 Unus
702 2543 796 2618 Deras,
812 2559 901 2604 nnus
917 2550 946 2606 et
958 2536 1121 2608 ommutui
1205 2538 1247 2600 td
1264 2539 1514 2613 tertiumdeusu
1529 2541 1686 2618 precandi.
1699 2539 1807 2612 lateor.
1822 2541 2033 2620 utplurimum

257 2627 323 2698 liei,
349 2629 379 2688 et
404 2624 586 2688 hominum.
604 2625 634 2688 Si
651 2625 743 2706 igitur
757 2625 844 2688 sotus
868 2623 959 2688 Pater
976 2632 1024 2689 est
1038 2642 1119 2689 unus
1163 2621 1322 2684 orationes
1337 2620 1494 2685 Ecclesiae
1510 2623 1598 2702 dirigi
1614 2624 1651 2684 ad
1665 2621 1794 2695 latrem,
1811 2623 1880 2702 arria
1894 2625 1952 2686 hoc
1968 2641 2034 2689 nro·

196 2782 197 2787 ,
257 2710 339 2772 solus
362 2709 563 2785 reruslteus,
579 2712 662 2771 certe
677 2708 827 2788 sequitur,
844 2704 954 2771 Titium
970 2723 1032 2772 non
1049 2723 1120 2772 esse
1166 2703 1206 2766 do
1234 2705 1426 2766 commodius
1453 2706 1655 2768 terruiuantur
1676 2706 1857 2786 pertesum
1873 2705 2034 2772 dhristnm

255 2805 358 2854 rerum
373 2789 482 2853 lterum
1165 2786 1289 2849 Filium
1314 2793 1418 2850 tuum:
1445 2791 1545 2850 tumen
1572 2788 1603 2850 in
1625 2789 1714 2851 Putre
1728 2788 1905 2852 invocamus
1921 2805 2033 2854 amnes

196 2886 197 2897 ¹
294 2871 484 2935 Contlrmant
496 2871 557 2934 hoc
571 2876 784 2953 argumentum
799 2871 849 2934 his
864 2872 1119 2953 sophismatibus·
1164 2875 1228 2933 tres
1244 2885 1402 2947 personas,
1420 2876 1453 2933 ut
1464 2870 1667 2934 Tertullianus
1679 2871 1770 2934 ducet
1783 2871 1812 2933 in
1826 2872 1881 2934 lita.
1894 2871 2031 2944 delirat.

195 2936 199 2978 ¹
252 2954 398 3018 christus
409 2961 472 3017 est
493 2955 594 3018 *Titius
610 2956 724 3020 unicus
740 2956 801 3018 ieri
817 2954 885 3032 llei3
902 2971 976 3036 ergo
991 2959 1044 3036 qui
1059 2973 1121 3020 non
1166 2960 1198 3014 et
1220 2959 1301 3032 patet
1317 2967 1354 3013 ex
1370 2953 1569 3016 conclusione
1588 2952 1649 3030 Qui
1663 2959 1767 3016 tecum
1780 2955 1857 3016 nteit
1872 2960 1901 3016 et
1914 2959 2033 3035 regnat

196 3052 197 3059 ¹
255 3038 348 3101 hahet
371 3035 525 3099 Christum
540 3035 743 3114 Titium‚'non
761 3044 809 3101 est
822 3054 904 3100 unus
919 3053 1010 3100 verus
1023 3039 1119 3103 Densa·
1167 3036 1207 3098 in
1230 3034 1524 3114 amdonitiones
1548 3034 1657 3100 soracti
1679 3035 2033 3102 Dene.Falsumautem

195 3118 198 3195 ζ
254 3123 307 3183 sed
323 3120 459 3182 Trinius
474 3131 535 3182 non
553 3118 647 3182 trahet
661 3119 813 3182 Christum
828 3118 952 3200 Filium3
968 3136 1043 3204 ergo
1057 3121 1121 3186 Tri·
1165 3117 1395 3194 est‚·Chr·istnnr
1411 3119 1510 3181 sotum
1525 3120 1640 3181 Patrem
1652 3119 1785 3182 invocari
1799 3119 1946 3183 uoluisse}
1960 3137 2033 3186 num

251 3205 332 3266 nitas
348 3219 411 3264 non
427 3209 474 3264 est
490 3219 569 3265 unus
584 3219 675 3267 rarus
690 3205 783 3268 heus.
1166 3200 1256 3263 toan.
1284 3199 1333 3262 tl.
1351 3200 1424 3261 dicit
1439 3199 1589 3265 Christus:
1608 3201 1644 3264 Si
1658 3203 1739 3282 qnid
1749 3204 1908 3282 patientiis
1922 3205 1961 3267 in
1974 3220 2034 3268 no·

196 3350 198 3369 ,
291 3286 470 3358 Praeterea,
487 3284 626 3348 Christus
641 3291 688 3348 est
704 3285 853 3347 mediator
866 3285 961 3348 unius
975 3286 1038 3349 veri
1054 3287 1122 3368 llei3
1166 3285 1257 3346 mine
1271 3281 2034 3367 meo.hoalceiom.Etllatth.ult'.baptizantiu-

250 3383 327 3448 ergo
343 3369 399 3447 qut
415 3383 476 3430 non
493 3369 584 3432 hahet
597 3370 810 3442 mediatorem,
828 3383 889 3429 non
906 3375 954 3430 est
968 3369 1022 3434 ille
1039 3385 1121 3434 unus
1166 3365 1247 3430 nens
1268 3379 1377 3428 ornnes
1400 3372 1519 3444 gemes,
1536 3367 1721 3431 innomine
1735 3367 1852 3442 Patris,
1869 3375 1899 3432 et
1912 3369 1990 3452 Filii
2004 3374 2035 3434 et

248 3466 346 3513 rarus
372 3451 469 3513 Deus:
496 3443 552 3512 'sed
578 3451 710 3513 Trinitas
725 3463 786 3512 non
803 3451 894 3512 hahet
907 3452 1121 3527 mediatorem,
1169 3449 1311 3528 Spiritus
1336 3451 1452 3526 suncti,
1480 3449 1554 3528 quid
1577 3450 1660 3513 alind
1675 3449 1774 3531 jubet,
1792 3467 1882 3531 quam
1899 3451 2036 3516 invocari

196 3546 197 3557 ¹
248 3534 308 3596 sed
336 3536 427 3596 sotus
450 3533 548 3606 Pater,
577 3535 691 3612 alioqui
713 3533 794 3596 idem
813 3541 897 3596 esset
911 3536 1060 3597 mediator
1073 3535 1123 3598 sul
1166 3531 1421 3594 Trinitatemlllt
1436 3533 1466 3594 in
1483 3532 1628 3611 liturgiis
1643 3533 1761 3604 Basilii,
1778 3533 2037 3616 enchrysastoml

248 3615 370 3696 ipsius3
386 3631 460 3696 ergo
474 3615 608 3678 Trinitas
619 3631 680 3677 non
696 3623 743 3677 est
756 3632 847 3679 rarus
860 3617 952 3692 lleus,
966 3617 1021 3678 sed
1035 3619 1122 3681 solus
1167 3615 1299 3695 graciis.
1325 3620 1354 3676 et
1375 3613 1406 3676 in
1423 3623 1526 3678 nostra
1543 3618 1633 3678 etiarn
1651 3617 1742 3677 latina
1757 3631 1820 3678 non
1837 3620 1933 3680 semet
1950 3617 2038 3681 into·

248 3699 354 3760 l’ater.
375 3698 413 3760 lit
425 3698 631 3760 confirmatur.
646 3699 722 3770 eria
735 3695 874 3761 Christus
886 3715 946 3764 non
958 3702 1063 3762 docuit
1076 3701 1122 3764 in·
1168 3705 1255 3760 catur
1270 3695 1413 3773 Trin'itas3
1429 3699 1460 3759 in
1478 3699 1591 3761 litaniis
1606 3713 1729 3779 qunque
1742 3698 1805 3778 jam
1822 3699 1893 3761 olim
1910 3705 2036 3780 recepta

245 3796 368 3844 vocare
392 3779 580 3855 Trinitatem,
604 3784 659 3843 sed
674 3787 789 3843 Patrem
806 3799 907 3844 suum:
925 3789 955 3844 et
969 3783 1122 3848 orationes
1169 3787 1218 3843 est
1244 3780 1274 3842 in
1291 3781 1427 3844 llcclesla
1444 3779 1494 3842 illa
1511 3782 1638 3842 turmula
1656 3782 1801 3859 precandi
1819 3781 1961 3860 (etiarnsi
1976 3796 2032 3845 no-

245 3862 419 3926 licctesiae
444 3861 516 3925 olim
538 3878 647 3925 omnes
662 3863 870 3942 dirigebantur
884 3861 921 3933 ad
937 3863 1065 3939 Patrem,
1082 3867 1122 3930 de
1168 3863 1226 3924 lint
1237 3879 1307 3924 eum
1320 3863 1406 3926 noris
1417 3862 1537 3925 Arianis
1548 3863 1701 3937 lutherus
1717 3869 1746 3924 et
1759 3863 1921 3946 Caluinus)
1934 3865 2037 3930 Sana·

242 3961 314 4026 quo
349 3949 450 4007 exstat
473 3944 630 4008 decretum
656 3944 784 4007 concilii
799 3945 1050 4025 carthaginensis
1064 3949 1119 4012 lll.
1167 3952 1202 4009 to
1225 3946 1469 4012 mentionarium
1481 3946 1573 4020 Dens,
1590 3949 1742 4011 miserere
1755 3947 1860 4010 nolam.
1993 3975 1996 3983 ν

245 4045 324 4108 cap.
343 4027 399 4090 23.
416 4026 506 4106 eujus
522 4043 582 4089 non
598 4033 646 4092 est
661 4028 717 4090 alia
733 4043 852 4104 caussa,
877 4028 1022 4110 uisi‘quia
1037 4032 1124 4096 sotus
1211 4033 1366 4092 Praeterea
1392 4027 1557 4109 Dionysius
1579 4029 1634 4093 lib.
1651 4032 1689 4092 de
1706 4036 1795 4109 myst.
1824 4030 1972 4109 Theolag.
1989 4029 2036 4093 ln·

243 4107 343 4173 Pater
359 4109 454 4171 habet
469 4111 679 4172 mediatorem.
1064 4148 1068 4154 .
1169 4113 1248 4189 anit:
1267 4112 1407 4174 Trinitas
1429 4113 1707 4190 superessentialis
1720 4114 1827 4192 diripe
1840 4129 1913 4176 nas.
1930 4113 1964 4174 ιιι
1979 4114 2035 4175 lla·

285 4192 484 4270 Respondeo
509 4193 545 4254 ad
570 4193 700 4271 priunum
716 4193 818 4256 houm
834 4193 1008 4274 dupliciter.
1025 4193 1124 4260 Primo
1169 4193 1334 4256 aianaenus
1351 4193 1433 4258 Orat.
1446 4195 1478 4256 2.
1492 4197 1530 4257 de
1542 4211 1630 4275 paee.
1647 4196 1728 4259 cirea
1745 4192 1850 4258 duem:
1870 4196 1894 4258 o
1920 4203 2038 4260 sonata

244 4291 319 4338 curu
354 4274 587 4354 chrysostomo,
611 4275 734 4355 cyrillo,
751 4279 965 4356 Augustinoin
982 4279 1064 4340 huna
1080 4282 1124 4341 lo·
1169 4283 1199 4338 et
1214 4277 1389 4344 odoranda
1403 4283 1434 4339 et
1448 4277 1646 4357 longanimis
1669 4278 1808 4342 thanim
1824 4278 2036 4358 (longanimis

242 4375 331 4434 cum,
359 4363 393 4419 et
407 4357 565 4420 imbrosio
580 4356 635 4420 ιιι).
653 4358 683 4420 5.
701 4359 739 4421 de
754 4359 841 4430 Tide,
858 4375 926 4438 capa
943 4361 973 4422 2.
990 4363 1120 4440 partien-
1171 4360 1260 4422 enim
1275 4374 1324 4435 aa,
1341 4373 1493 4440 puoeeas
1507 4373 1530 4422 o
1544 4361 1661 4442 onibus
1672 4359 1834 4444 scindaris
1847 4358 1978 4424 *tanadiu'
1990 4367 2037 4424 to·

244 4441 310 4504 lam
340 4440 447 4502 solum
473 4455 534 4500 non
560 4440 703 4520 restringi
728 4444 766 4502 ad
782 4441 911 4516 Patrem,
927 4443 982 4505 sed
997 4443 1122 4506 extendi
1170 4442 1270 4522 terna)
1296 4443 1426 4506 utinam
1441 4459 1493 4506 eoa
1508 4460 1637 4524 quoque
1651 4443 1853 4508 adoratores
1879 4445 2035 4522 occipias.

243 4523 347 4587 etiam
366 4521 405 4584 ad
422 4521 544 4583 Titium.
561 4523 632 4586 llam
646 4525 763 4587 dictum
779 4531 837 4587 cst:
850 4527 1124 4606 litqnemmieiati
1171 4525 1217 4586 Ει4
1234 4526 1263 4586 iu
1291 4525 1372 4601 Orat.
1395 4526 1431 4587 ad
1455 4527 1525 4589 rao.
1549 4526 1733 4607 Episcopus:
1761 4523 1874 4592 Valeo
1899 4527 2038 4590 Trinitm

245 4606 369 4668 lesum
398 4603 569 4677 dumetum,
590 4607 632 4667 ita
648 4611 681 4668 ut
695 4607 746 4668 hic
761 4611 801 4669 sit
815 4609 889 4669 ardo
904 4611 1078 4683 vernorum,
1095 4614 1129 4671 ut
1172 4608 1340 4670 meditatio
1361 4625 1445 4678 rnen,
1462 4617 1492 4672 et
1506 4611 1604 4673 decus
1624 4625 1745 4674 meum.
1762 4611 1812 4674 hia
1825 4609 1922 4672 uelim
1936 4625 2039 4674 seruc·

243 4696 430 4770 agnoscunt
454 4695 497 4756 te,
512 4694 545 4752 et
559 4703 651 4767 quern
666 4687 776 4750 misisti
791 4689 895 4753 lesum
911 4691 1062 4753 Christum
1078 4705 1128 4754 so·
1173 4693 1231 4764 cia,
1248 4698 1277 4753 et
1293 4691 1350 4753 hus
1370 4707 1475 4757 selues
1497 4698 1556 4756 etc.
1576 4693 1687 4766 Marius
1704 4693 1875 4756 t'iotnrinus
1890 4693 1921 4753 in
1936 4692 1967 4753 3.
1983 4693 2038 4774 hy·

243 4772 314 4834 ianr
345 4785 459 4831 verum
485 4771 594 4833 Deum.
619 4771 657 4832 Et
671 4771 759 4833 allent
773 4771 1008 4853 chrysostomus
1023 4773 1127 4836 lacum
1171 4789 1245 4834 mna
1261 4774 1298 4834 de
1314 4773 1420 4836 Trinit.
1433 4772 1492 4852 Dc,
1510 4773 1619 4856 iniquit,
1634 4777 1775 4856 peccatis
1788 4773 1929 4848 neniam,
1942 4789 2037 4852 paco

244 4853 396 4916 similem
412 4869 449 4914 ex
465 4856 494 4913 ι.
511 4852 581 4915 Gor.
597 4853 628 4916 a.
648 4851 711 4915 Ant
724 4869 782 4933 epa
795 4855 885 4918 eolus
901 4863 929 4918 et
943 4855 1125 4924 Romulus.
1171 4861 1223 4918 stu
1246 4861 1415 4919 catomum
1424 4859 1536 4932 uitam,
1564 4860 1654 4922 dono
1677 4875 1794 4938 pacem
1808 4866 1838 4922 et
1850 4857 2001 4938 plocium,
2018 4871 2037 4917 o

241 4953 320 5000 non
337 4934 704 5014 hahemnapatostatem
714 4937 772 5000 hoc
788 4938 1127 5016 operoodttuhlsetne
1175 4937 1270 5004 tauto
1296 4939 1448 5004 litatem.
1477 4942 1589 5005 libera
1609 4957 1681 5014 nos,
1702 4941 1880 5012 solennes,
1891 4937 2039 5018 justifico

242 5035 313 5084 non
333 5017 480 5082 excludit
493 5018 673 5095 Barnabam,
690 5021 746 5083 sed
760 5019 901 5083 includit.
1171 5037 1243 5097 nos,
1266 5039 1286 5082 o
1308 5021 1402 5086 hacta
1428 5025 1579 5088 Thinites.
1601 5023 1792 5105 Augustinus
1807 5025 1838 5086 in
1854 5023 1908 5085 lln.
1925 5021 1979 5084 lib.
1996 5023 2036 5086 de

286 5103 450 5167 Secundo
465 5109 495 5163 et
509 5101 629 5164 lucilius
645 5103 714 5166 dica
730 5119 800 5165 eum
816 5103 929 5166 Hilario
944 5103 1000 5165 lib.
1016 5103 1047 5165 a.
1064 5103 1128 5166 Tri·
1171 5105 1279 5166 Trinit.
1305 5103 1440 5170 Domim
1465 5107 1549 5170 limas
1574 5123 1652 5182 une,
1670 5109 1752 5170 licere
1770 5108 1920 5177 Trinitas,
1937 5121 2048 5186 pune-¹

238 5186 301 5248 nit.
322 5185 436 5248 solum
450 5185 567 5246 latreus
583 5185 634 5246 hic
645 5185 705 5247 diei
716 5201 823 5248 uerum
833 5186 942 5259 Deum,
956 5186 1012 5248 sed
1024 5191 1127 5250 tamen
1172 5203 1311 5268 cumque
1337 5188 1462 5254 domiin
1475 5189 1525 5252 au
1551 5190 1641 5252 tibris
1656 5191 1697 5253 de
1712 5198 1778 5262 tua,
1795 5193 1991 5270 cognoscant
2005 5190 2054 5249 et·

240 5271 276 5334 in
306 5269 408 5330 Patre
433 5259 562 5346 intelligi
590 5268 678 5328 ettam
693 5267 815 5330 ‘Filium
830 5275 862 5331 et
876 5268 1022 5349 Spiritum
1037 5285 1126 5333 sanc·
1172 5271 1235 5348 hri,
1249 5271 1278 5334 si
1292 5285 1361 5353 qun
1374 5273 1415 5336 de
1428 5287 1511 5350 naec,
1528 5277 1559 5336 et
1572 5280 1607 5335 tu
1619 5275 1751 5353 tpnaeca
1766 5279 1796 5338 et
1809 5275 1868 5338 tui.
1884 5273 1994 5333 Arnen.

239 5362 328 5427 tum,
361 5365 447 5430 quae
471 5355 544 5411 sunt
563 5349 1127 5429 personaeejusdemessentiaeeum
1227 5373 1240 5412 .·
1409 5373 1411 5380 ⁴

238 5435 338 5498 Patre
353 5479 364 5508 ‚
395 5436 439 5495 ita
463 5438 497 5494 ut
511 5433 587 5494 illud
601 5431 707 5494 acham
721 5433 864 5495 excludat
877 5440 994 5498 tantum
1009 5443 1127 5497 oreatu-
1477 5436 1596 5503 CAPUT
1618 5433 1730 5503 Xlllll.
1813 5459 1816 5462 ·

237 5533 306 5582 ras.
338 5514 439 5592 Quod
460 5521 560 5577 autem
576 5515 708 5576 additur:
724 5516 764 5577 lit
777 5531 875 5596 mem
886 5519 1005 5582 misisti
1017 5517 1128 5580 lesum
1569 5519 1571 5526 ⁴
1699 5537 1730 5572 '-

242 5600 437 5674 cariatum,
454 5599 572 5660 dicatur
587 5599 627 5660 de
641 5597 760 5660 Christo
773 5605 806 5659 ut
820 5601 910 5661 homo
926 5607 984 5662 est.
1001 5599 1056 5662 llic
1072 5599 1127 5679 igi·
1211 5615 1216 5620 ·
1316 5599 1457 5668 Saluitto
1476 5607 1707 5684 depromentem
1730 5601 1896 5680 Quintum.

238 5691 292 5746 tur·
308 5684 382 5746 erit
397 5695 523 5743 sensus:
539 5679 624 5742 llaec
639 5681 765 5743 estatio
779 5685 924 5753 aeman,
940 5683 1032 5753 idest,
1048 5682 1128 5744 leaeo
1213 5719 1221 5744 ι
1289 5731 1292 5736 .
1590 5733 1592 5740 .
1800 5718 1804 5731 ·

242 5773 290 5828 est
317 5767 366 5829 in
397 5763 457 5826 hoe
479 5759 608 5825 mando
627 5765 693 5836 uic,
718 5769 746 5826 et
759 5764 844 5827 ratio
858 5765 1072 5842 perveniendi
1086 5763 1132 5841 ad
1216 5764 1488 5846 Quintaobjectim
1505 5767 1719 5847 Evangellslae
1735 5775 1765 5832 et
1779 5769 1908 5846 apostoli
1926 5781 2035 5846 perpe·

239 5849 364 5914 eitam
392 5851 573 5917 netemom
588 5851 625 5907 ut
639 5849 834 5924 cognoscunt
848 5845 993 5910 homines
1006 5863 1066 5926 per
1078 5845 1131 5908 Ti·
1174 5850 1227 5910 tua
1242 5848 1408 5926 inculcant,
1424 5865 1530 5912 rerum
1546 5849 1699 5915 christum
1716 5858 1820 5916 natam
1835 5867 1907 5914 esse
1922 5867 1960 5914 ex
1974 5849 2039 5912 llir·

241 5935 329 5997 dem
341 5935 381 5993 te
397 5929 505 5992 satum
517 5943 631 5990 oerum
644 5926 756 6003 Deum,
770 5927 861 6003 idest,
879 5929 1058 6002 tatonem,
1074 5928 1132 6009 qm
1175 5928 1259 6009 gine,
1284 5936 1420 6010 passum,
1438 5942 1603 6010 mortuum,
1620 5949 1679 5998 nec
1694 5936 1786 5998 alium
1802 5937 1954 5997 naverunt
1968 5937 2039 5996 ante

243 6031 279 6078 ea
302 6016 371 6079 ille
396 6011 495 6085 Deru,
510 6011 569 6091 qni
581 6011 669 6072 sotus
683 6011 777 6074 habet
788 6027 900 6075 ueram
914 6013 1131 6087 diuinitatem
1176 6013 1281 6094 istum3
1297 6013 1410 6095 alioqui
1425 6015 1604 6094 limitaneus,
1621 6017 1740 6082 herous
1766 6024 1796 6082 et
1807 6018 1905 6080 Lucas
1918 6031 1978 6078 non
1991 6015 2038 6077 in·

243 6105 276 6160 et
303 6101 480 6177 praeterea
506 6099 702 6172 cognoscum
723 6110 830 6158 unum
848 6096 1062 6158 mediatorem
1075 6093 1133 6158 liei
1177 6095 1355 6176 coepissent
1370 6096 1560 6182 evangelium
1577 6117 1592 6162 a
1609 6101 1775 6174 nativitate,
1792 6101 1848 6164 sed
1864 6101 2040 6162 narrassent

243 6187 276 6242 et
292 6180 493 6253 hommem,
516 6191 615 6258 qnam
626 6178 743 6242 misisti
754 6177 864 6243 lesum
880 6178 1049 6255 Cluieturn.
1179 6179 1298 6262 siquae
1311 6189 1476 6266 resgestas
1493 6181 1690 6250 Christianis
1706 6199 1842 6262 carnem,
1858 6189 1890 6246 et
1904 6181 2039 6246 loannes

410 6279 579 6340 sernum.
598 6279 658 6341 llol.
676 6281 699 6340 ι.
891 6313 894 6318 -
1860 6287 1896 6347 li
