4792 7009
986 762 1085 821 bilibit
1106 760 1252 831 QUINTUS
1897 764 1949 818 aas

238 890 331 965 tiarati
346 886 446 958 a'utem
460 894 676 976 caussahuJ'us
687 894 890 975 depositionis
902 898 1109 964 etoecisionis
1155 906 1218 964 tem
1238 896 1300 961 sibi
1315 900 1455 979 proterve
1477 896 1696 975 assumpsisse.
1712 897 1750 960 nt
1765 910 1822 959 nea
1844 893 1938 979 hujus
1951 894 2022 959 iacti

238 978 394 1049 Attraliac,
412 994 471 1041 non
487 980 587 1041 salum
601 980 736 1058 tyrannis
752 979 820 1059 ujus
834 981 935 1054 luerit,
948 982 1004 1044 sed
1017 984 1108 1047 etiam
1156 982 1253 1046 ullum
1275 980 1413 1042 inuenire
1428 986 1592 1059 patuerunt
1613 980 1643 1041 iu
1665 980 1798 1059 antiquis
1821 980 2023 1058 scriptoribus

224 1102 227 1111 .
242 1062 328 1133 quod
341 1061 457 1123 loreret
469 1063 582 1123 cultum
595 1060 676 1135 Bual,
690 1067 772 1141 patet
784 1078 820 1123 er
832 1062 893 1125 illis
905 1065 1018 1131 uerbis.
1029 1083 1109 1145 quae
1155 1057 1433 1143 reprehensorem:
1450 1078 1507 1124 nos
1522 1069 1624 1125 autem
1639 1063 1788 1143 plurimos
1804 1062 1955 1125 habemas
1971 1080 2022 1142 ap-

240 1151 400 1215 ponuntur
422 1145 595 1207 immediate
611 1150 681 1222 past
695 1142 764 1223 ejus
778 1146 979 1209 occisionem:
996 1148 1123 1229 ltaque·
1154 1146 1346 1227 probatores,
1363 1145 1528 1220 nimirum,
1545 1145 1704 1221 Adonem,
1721 1145 1927 1223 sigebertum,
1943 1144 2025 1207 lihe-

236 1225 355 1303 tinqnit
371 1226 539 1306 Scriptura)
549 1228 714 1305 inpressas
729 1232 773 1289 est
785 1229 890 1290 amuis
899 1230 1042 1307 papatus
1054 1232 1110 1293 do·
1156 1230 1302 1310 ginonem
1318 1230 1349 1288 in
1366 1226 1597 1302 Ghronleis,sed
1612 1229 1651 1290 rte
1666 1230 1723 1289 bac
1738 1244 1772 1289 re
1787 1228 1920 1289 diximus
1937 1228 2024 1307 plura

236 1324 333 1370 arram
347 1309 441 1381 liant,
459 1316 488 1373 et
502 1311 733 1373 destroaocruat
745 1324 828 1375 eam.
843 1312 1015 1385 clottario,
1029 1315 1110 1377 etsi·
1157 1317 1262 1375 contra
1280 1308 1438 1373 Gulrinum
1454 1310 1486 1370 iu
1500 1310 1532 1370 2.
1548 1310 1606 1372 lib.
1623 1328 1691 1388 cap.
1710 1310 1761 1372 tl.

236 1392 393 1455 araraiaaro
406 1393 496 1455 illias
511 1391 751 1471 confregeram.-
767 1393 901 1456 ldatbaa
916 1410 1044 1477 qaoque
1058 1412 1110 1460 sa·
1176 1420 1179 1427 ·
1197 1392 1369 1472 Septimum
1384 1391 1557 1470 exemplum
1573 1400 1619 1455 est
1635 1392 1745 1455 leonis
1761 1391 1814 1453 ιιι.
1832 1391 1884 1473 qui
1900 1391 2023 1469 imperi·

237 1476 404 1537 «toritatem
418 1472 743 1554 Baaiiatarsoacraat
758 1480 833 1539 uate
848 1492 937 1539 aras.
1157 1490 1210 1537 um
1231 1475 1386 1537 transtulit
1407 1491 1423 1535 a
1445 1473 1570 1535 Graecis
1591 1475 1628 1536 ad
1651 1474 1819 1537 Germanos
1837 1520 1844 1547 ,
1862 1490 1916 1553 pro
1942 1483 2022 1535 terea
2100 1476 2123 1480 ”

282 1558 422 1620 ἰειιιιιιιι
445 1558 619 1637 exemplum
642 1564 689 1621 cst
709 1557 742 1620 b.
765 1558 940 1633 Ambrosii,
965 1560 1016 1640 qui
1040 1578 1109 1624 cum
1156 1559 1239 1638 quod
1265 1557 1372 1621 Graeci
1389 1556 1507 1618 nullum
1530 1555 1674 1619 auxilium
1690 1556 1839 1621 laboranti
1863 1490 2022 1622 Eaazesiac

237 1641 411 1719 episcopus
433 1646 516 1703 esset
537 1640 790 1713 mediolanensis,
814 1646 845 1703 et
864 1644 993 1721 proinde
1008 1651 1112 1722 pastor
1156 1638 1339 1707 occidentali
1355 1639 1473 1701 adlcrre
1489 1645 1627 1717 possent.
1645 1640 1687 1701 lix
1701 1658 1762 1721 quo
1778 1643 1888 1703 laetum
1905 1644 1973 1709 est,
1991 1644 2025 1699 ut

237 1726 271 1780 nt
288 1730 376 1799 pater
391 1723 560 1802 spiritualis
580 1706 745 1785 subodosit
760 1722 964 1803 imperatoris,
982 1728 1034 1807 qui
1050 1728 1110 1790 lile·
1159 1724 1233 1785 lieet
1246 1721 1441 1801 imperatoria
1456 1721 1590 1801 dignitas
1601 1722 1742 1785 absolute
1754 1721 1947 1785 considerata
1960 1737 2024 1783 non

238 1806 359 1865 rtiolani
382 1808 489 1868 sedern
517 1822 608 1868 suam
631 1805 786 1868 ordinarie
809 1808 955 1886 tenebat:
978 1811 1108 1887 primum
1156 1804 1195 1867 sit
1210 1822 1225 1866 a
1242 1804 1400 1885 pontiiice,
1416 1804 1471 1867 sed
1488 1823 1503 1864 a
1519 1804 1602 1876 beu,
1619 1806 1773 1867 mediante
1784 1808 1854 1880 jure
1869 1803 2021 1885 gratiam,

236 1890 518 1951 excommunicarit
533 1904 604 1951 enm
619 1894 745 1967 propter
758 1890 897 1963 caedem,
911 1908 1001 1969 quam
1014 1892 1110 1954 'lhos-
1155 1892 1189 1951 ut
1203 1904 1294 1967 supra
1310 1886 1502 1950 ostendimus
1516 1902 1555 1949 er
1569 1886 1707 1960 Gelasio,
1737 1888 1860 1951 lticolao
1887 1894 1917 1950 at
1930 1886 2023 1948 luno·

238 1970 425 2035 salonicaaa
439 1971 585 2033 militibus
596 1971 663 2048 lieri
675 1972 887 2050 imperaverat:
898 1974 1010 2037 deinde
1024 1992 1110 2053 prae·
1155 1972 1257 2034 centia
1272 1970 1328 2032 ιιι.
1338 1976 1438 2031 tamen
1452 1968 1723 2050 imperatores,qui
1738 1971 1888 2033 tueruuta
1905 1976 2022 2046 tempo·

238 2054 327 2132 cepit
338 2054 378 2125 ei,
393 2055 537 2133 allegem
549 2055 653 2117 terret.
667 2068 706 2115 ue
719 2054 889 2117 sententiae
901 2056 979 2118 latae
991 2058 1029 2120 de
1041 2074 1110 2120 eae·
1154 2071 1188 2117 ra
1203 2053 1301 2117 Garuli
1315 2051 1567 2131 llagni,pontiilci
1587 2052 1720 2115 debeant
1734 2069 1823 2115 suum
1844 2052 2021 2133 imperium.

239 2137 294 2207 do,
324 2138 373 2198 vel
399 2136 549 2199 bonorum
572 2136 792 2215 publicatione,
815 2144 897 2200 ratae
912 2138 1029 2215 essent,
1047 2140 1107 2203 nisi
1196 2136 1283 2212 Quod
1304 2136 1387 2198 euim
1404 2135 1481 2196 haec
1494 2140 1635 2212 potestas
1652 2137 1691 2198 sit
1706 2152 1789 2198 nune
1802 2134 1883 2215 apud
1900 2135 2023 2197 Germa·

186 2296 187 2301 ἵ
239 2224 314 2296 post
337 2220 459 2300 triginta
481 2219 549 2283 dies
571 2237 587 2282 a
609 2218 780 2282 sententiae
795 2222 1061 2298 pronunciatione,
1078 2228 1111 2285 ut
1155 2235 1225 2292 nos,
1243 2236 1259 2280 a
1274 2216 1421 2299 pontillae
1435 2224 1496 2279 est:
1513 2222 1545 2278 et
1559 2218 1632 2279 licei
1645 2217 1786 2283 absolute
1798 2233 1860 2279 non
1874 2222 1959 2279 esset
1970 2233 2024 2278 nc·

239 2302 401 2379 nimirum,
421 2302 535 2379 siquid
551 2303 806 2382 pertruaundirm
818 2304 1055 2385 praecipitanter
1066 2306 1111 2368 di·
1155 2301 1324 2365 cessarium
1341 2306 1374 2361 ut
1390 2316 1467 2379 papa
1483 2298 1678 2363 aonbrmaret
1693 2301 1981 2378 imperatoremmea
1992 2306 2026 2361 ut

186 2454 187 2461 χ
242 2390 372 2456 crasset,
397 2384 475 2463 intra
491 2390 534 2446 tot
548 2386 666 2447 dicrum
683 2386 816 2463 spatium
832 2403 976 2450 revocare
992 2395 1108 2467 posset.
1155 2385 1320 2464 imperator
1340 2381 1478 2463 pantitlai
1490 2381 1698 2454 juramentum
1718 2382 1875 2446 ildeiitulis
1888 2389 2023 2463 praesta-

240 2466 358 2529 Soribit
372 2469 431 2529 hoa
446 2466 658 2529 theodoretus
673 2468 729 2528 ιιι).
746 2468 819 2531 hist.
836 2468 867 2531 5.
881 2485 949 2549 cap.
964 2472 1014 2534 ιι.
1028 2472 1110 2549 atqui
1155 2472 1319 2530 ιειιιιιιιειι
1335 2482 1351 2527 a
1368 2472 1506 2544 tempure
1518 2464 1654 2527 translati
1666 2463 1829 2545 imperalia
1843 2464 2022 2536 Germanos,

241 2566 305 2611 non
323 2550 420 2628 potuit
432 2549 610 2613 Ambrosius
623 2553 891 2615 excommunicare
903 2553 1109 2617 Theodosium
1156 2556 1322 2627 utrumque
1340 2548 1512 2629 requiritur
1528 2594 1537 2623 ,
1556 2550 1686 2627 utputet
1707 2564 1745 2611 ex
1765 2546 1947 2609 Innocentio
1969 2546 2023 2609 lli.

240 2639 370 2710 propter
384 2632 513 2695 caedem
527 2633 624 2703 illam,
637 2633 696 2694 nisi
714 2635 800 2710 prius
815 2650 954 2699 caussam
965 2636 1047 2699 iliam
1060 2652 1110 2700 cu·
1155 2650 1225 2711 cap.
1241 2632 1468 2707 venerabilem,
1485 2636 1568 2693 extra
1582 2630 1622 2693 de
1637 2630 1768 2693 eiectat
1782 2644 1819 2693 ar
1834 2630 2024 2698 Glementina

239 2717 401 2789 goovtsset
422 2720 452 2777 et
473 2715 684 2795 dijudicasset,
701 2716 774 2778 lieet
788 2716 954 2780 criminalis
970 2724 1064 2792 esset,
1081 2726 1112 2783 et
1155 2718 1259 2787 unica,
1275 2717 1315 2777 de
1328 2712 1628 2791 jurejurandmoque
1642 2712 1756 2791 injuste
1772 2714 1831 2774 hoa
1846 2712 2022 2794 requiritur.

239 2796 279 2857 ad
303 2797 402 2859 lurum
425 2802 584 2860 externum
608 2798 785 2876 pertineret:
809 2814 871 2861 non
895 2801 993 2879 potuit
1008 2808 1108 2867 autem
1156 2796 1419 2877 Quicnimpotuit
1442 2794 1605 2874 imperium
1618 2796 1777 2858 Germanis
1801 2794 2024 2873 aanierrcpro-

242 2894 460 2958 cognoscere,
484 2884 514 2943 ei
531 2881 672 2961 judicare
694 2880 849 2961 ejusmodi
872 2900 1025 2960 caussam,
1049 2884 1110 2947 nisi
1155 2888 1224 2961 pter
1237 2880 1394 2943 Ecclesiae
1405 2878 1648 2959 salutem,patuit
1663 2877 1753 2941 eiiam
1763 2882 1861 2940 aerias
1876 2876 2024 2941 conditio·

242 2963 339 3023 atiam
360 2963 392 3023 in
413 2962 477 3026 loro
499 2970 625 3027 externo
653 2964 809 3043 legitimus
828 2964 924 3045 index
945 2966 1112 3031 Theodosii
1157 2978 1215 3026 nes
1229 2963 1410 3045 adjungere,
1428 2967 1555 3042 propter
1569 2961 1708 3024 eamdem
1724 2976 1926 3031 caussam,ne
1941 2960 2024 3021 ride·

238 3043 363 3107 luisset.
1157 3046 1232 3109 licet
1260 3046 1479 3126 contingeret,
1504 3043 1694 3109 haereticum
1721 3044 1770 3107 rel
1795 3042 2025 3107 schismaticum

282 3126 1110 3211 Praeterea‚oagereimperatoremadlegampoliticam
1158 3128 1268 3192 creari.
2032 3145 2036 3158 ·

241 3207 1113 3293 larendam‚etpraescribereeiiarmamlegismonnema·
1196 3212 1242 3274 Ad
1264 3212 1324 3274 huo
1338 3210 1512 3289 exemplum
1536 3208 1701 3290 dupliciter
1714 3208 1905 3288 respondent
1919 3206 2024 3269 adver·

243 3289 1112 3377 nilestaastendit,posseepiscopuminterdumtempora·
1157 3294 1242 3357 surii:
1258 3310 1330 3357 nam
1345 3294 1395 3355 alii
1412 3298 1525 3372 nogant
1540 3298 1624 3355 recte
1639 3292 1762 3366 tactuum,
1772 3297 1806 3354 ut
1819 3290 1956 3371 pontifex
1967 3289 2023 3350 im-

242 3373 264 3433 li
278 3378 430 3452 potestate
445 3374 500 3445 uti,
517 3374 607 3435 etium
624 3376 653 3436 in
670 3392 735 3450 eos,
753 3378 805 3457 qni
822 3382 1002 3455 potestatem
1017 3396 1122 3459 super
1156 3378 1277 3456 parium
1292 3394 1312 3439 a
1325 3372 1448 3441 Graecis
1459 3374 1637 3450 transterret
1648 3374 1678 3436 in
1690 3374 1906 3443 Germanos,et
1917 3373 1948 3433 in
1961 3373 2021 3433 boo

243 3455 322 3518 alios
337 3456 569 3536 aeceperuntlct
583 3458 610 3520 si
626 3460 792 3539 episcopus
807 3460 937 3539 quilibet
951 3462 981 3525 id
997 3468 1109 3543 potest,
1156 3475 1286 3523 numera
1301 3465 1374 3521 sunt
1386 3457 1678 3537 llagdeburgenses,
1696 3456 1748 3535 qui
1764 3456 1850 3518 (lent.
1864 3454 2022 3534 Scapti).

242 3538 469 3618 quantomagis
485 3540 630 3619 princeps
646 3540 882 3619 cpiscoporum?
1156 3542 1218 3605 col.
1242 3542 1314 3604 lii.
1330 3540 1376 3603 sia
1397 3541 1508 3619 ajunt:
1525 3541 1580 3601 list
1600 3540 1680 3604 buca
1701 3540 1870 3603 translatio
1891 3538 2019 3617 praeci-

283 3620 430 3696 Quurtum
446 3628 493 3684 est
508 3622 644 3701 Gregorii
661 3624 686 3686 l.
704 3625 733 3685 in
750 3624 921 3705 priuilegio,
938 3628 1021 3707 quod
1037 3639 1123 3691 cun···
1154 3623 1495 3705 paraneoema'racaiis
1507 3621 2019 3700 Autahrsrt.rheodurtrsquoque

242 3702 339 3764 cessit
352 3704 538 3767 monasterio
553 3722 580 3766 s.
597 3705 750 3781 liedurdi,
767 3706 941 3771 ethabetnr
954 3710 986 3771 in
1002 3710 1064 3773 line
1080 3728 1110 3772 e·
1156 3708 1332 3769 llibliander
1346 3706 1448 3768 tabula
1466 3703 1515 3768 ιιι.
1531 3720 1605 3767 suae
1621 3703 1767 3768 Gbrauol.
1784 3704 1868 3776 dicit,
1885 3702 2018 3764 Leonem

240 3786 315 3862 pist.
333 3784 370 3848 st
383 3787 468 3867 qais,
485 3786 595 3866 iuquit,
611 3804 736 3867 requam,
751 3790 1108 3869 antistitampadicam,
1156 3790 1358 3867 lll.usurpata
1370 3788 1724 3865 auctoritate,imperium
1736 3804 1752 3847 a
1766 3787 1889 3851 Graecis
1901 3786 1938 3847 ad
1951 3784 2025 3847 Ger·

239 3868 593 3949 oei-quarumcumque
617 3873 839 3935 sacratarium
863 3890 1106 3952 porsoaararn,
1157 3888 1266 3935 munos
1280 3871 1486 3933 transtulisse.
1503 3869 1561 3931 Alii
1576 3884 1648 3932 reru
1663 3876 1816 3945 asserunt,
1833 3869 1944 3931 laetum
1957 3868 2024 3945 qui·

241 3949 343 4029 liujus
364 3954 559 4031 apostolieae
578 3956 804 4028 auctoritatis,
822 3960 995 4020 claustrae
1014 3974 1109 4035 prae·
1156 3956 1226 4019 dam
1239 3954 1309 4035 jure
1326 4001 1334 4029 ,
1351 3952 1407 4015 sed
1421 3958 1577 4015 auctorem
1599 3951 1806 4014 translationis
1827 3968 1886 4013 non
1904 3949 2046 4031 pontid,

244 4036 403 4111 matianis
417 4036 546 4098 decreta
559 4036 738 4111 uiolauerit,
756 4036 987 4119 coritascamqac
1002 4042 1109 4120 digai·
1156 4054 1224 4101 cem
1242 4083 1251 4112 ,
1269 4036 1325 4098 sed
1341 4036 1487 4115 populum
1510 4034 1606 4096 luisse
1620 4050 1793 4095 romanum.
1809 4032 1852 4100 lta
1868 4032 2022 4096 llarsilius

245 4118 334 4189 tatis,
350 4118 400 4180 acl
413 4118 619 4181 sublimitatis
633 4120 684 4195 sit,
703 4120 824 4183 honore
838 4136 897 4183 suo
911 4123 1068 4200 privetur.
1155 4120 1196 4183 de
1211 4120 1322 4196 launa,
1338 4118 1491 4181 referente
1505 4116 1612 4197 Pighio
1627 4117 1682 4179 lib.
1696 4117 1726 4178 d.
1739 4116 2022 4181 Hierurabdlacles.

282 4199 430 4275 Quintum
456 4206 503 4263 cst
517 4200 655 4279 Gregorii
681 4200 719 4264 il.
736 4204 787 4282 qui
814 4202 908 4265 Leoni
935 4205 1108 4285 imperatori
1159 4220 1229 4282 cap.
1247 4202 1298 4265 tl.

243 4282 445 4346 iconomacho
460 4300 475 4344 a
491 4298 526 4347 se
538 4288 800 4348 excommunicato
812 4284 1109 4367 prohibuitreutiga·
1195 4285 1371 4361 adprimus
1392 4281 1580 4362 respondeo:
1596 4282 1678 4345 hunc
1705 4280 1938 4344 translationem
1962 4278 2021 4341 rite

244 4365 282 4423 lia
298 4365 377 4427 solri
392 4364 432 4427 ab
446 4364 528 4427 italis
546 4383 554 4443 ;
571 4373 600 4428 ει
615 4367 744 4444 ριοιιιιιε
767 4368 922 4430 mulctarit
936 4386 1006 4432 eum
1023 4376 1109 4449 parto
1156 4374 1186 4431 ot
1201 4366 1337 4448 legitime
1351 4368 1459 4428 laetam
1473 4366 1581 4443 tuisse,
1598 4372 1703 4444 aperte
1727 4370 1882 4427 constare.
1898 4362 2021 4431 Primo.

241 4446 375 4525 imperii.
398 4446 543 4512 Fateatur
556 4448 587 4510 id
604 4449 884 4531 ltagdcburgensas
900 4450 1106 4516 Cent.8.a.lit.
1155 4468 1192 4515 ex
1205 4466 1362 4513 consensu
1376 4448 1564 4511 totiusorbis
1589 4444 1746 4510 christiani
1764 4466 1773 4523 ;
1803 4463 1927 4525 semper
1943 4445 2026 4507 enim

242 4530 272 4589 in
287 4530 347 4591 rita
363 4528 500 4611 Gregorii
515 4531 556 4593 ll.
572 4534 626 4595 sed
643 4534 896 4611 reprehendunt,
914 4533 1109 4614 Gregorium·
1155 4548 1265 4595 omnes
1281 4531 1443 4595 Christiani
1459 4529 2028 4611 proretisimperatoribushabuerunt

242 4626 302 4691 que
317 4612 504 4692 proditorem
525 4630 601 4677 suaa
617 4614 714 4694 ipsius
730 4616 843 4694 patriae
864 4616 960 4679 tuisse
976 4619 1106 4679 dicunt:
1157 4616 1296 4679 Gurolum
1308 4616 1451 4694 ltagnum
1468 4660 1476 4689 ,
1494 4613 1626 4694 ejusque
1648 4628 1862 4675 successores:
1883 4628 1943 4673 nea
1971 4608 2026 4673 init

242 4696 408 4757 alnullnm
433 4696 590 4775 proferunt
614 4698 820 4777 scriptorem,
843 4699 894 4779 qui
921 4699 1032 4762 ιιιειιιιιι
1048 4700 1108 4763 hoa
1154 4698 1387 4779 uuquomullus
1412 4712 1466 4759 rcx
1493 4697 1696 4767 christianus,
1727 4694 1778 4773 qni
1809 4696 2027 4773 imperatorem

242 4776 380 4857 Gregorii
395 4777 563 4856 vituperet,
581 4796 651 4842 uum
667 4796 724 4843 nos
739 4796 757 4843 a
772 4782 924 4844 contrario
939 4782 1109 4845 babeamus
1153 4783 1340 4861 praecedere
1352 4780 1492 4855 rtrluerit,
1510 4778 1711 4841 tarnetsieum
1728 4776 1842 4857 alioqui
1865 4776 1998 4855 putentia
2017 4820 2025 4843 ,

243 4858 369 4933 inultos,
386 4862 438 4940 qui
454 4861 652 4925 laudaverunt
680 4868 713 4925 ut
727 4869 865 4925 sanatum
881 4870 912 4927 et
925 4865 1106 4943 legitimum,
1155 4870 1186 4927 et
1199 4866 1287 4943 regni
1303 4863 1481 4943 antiquitate
1496 4864 1636 4924 anteiret.
1653 4860 1750 4922 Primi·
1765 4867 1837 4921 sunt
1851 4857 2026 4925 lutherani,

244 4942 402 5021 aimimm,
419 4942 603 5016 cedrenum,
620 4946 765 5009 zonarum
780 4945 810 5007 in
827 4947 884 5009 rita
902 4947 1011 5010 lconis
1026 4948 1110 5011 lsou-
1155 4948 1209 5027 qui
1231 4948 1311 5011 sieut
1332 4945 1481 5025 populum
1503 4945 1565 5008 tide
1580 4952 1610 5005 et
1632 4943 1782 5023 religione
1804 4942 2025 5021 spoliarernnt3

242 5024 280 5097 ri,
298 5031 330 5087 et
345 5040 454 5089 omnes
469 5026 546 5089 alius
561 5028 735 5103 historicos,
751 5028 804 5109 qui
819 5044 870 5091 res
884 5036 987 5110 gestus
1002 5030 1109 5094 borum
1156 5030 1196 5092 ita
1211 5043 1335 5107 quoquc
1357 5029 1570 5109 imperatorem
1587 5042 1676 5089 sunm
1692 5024 1732 5087 de
1755 5024 1831 5087 sede
1850 5042 1907 5098 suu
1919 5024 2027 5084 'detur-

243 5115 414 5187 tomporum
430 5110 693 5189 conscripserunt.
1154 5114 1228 5176 bare
1244 5112 1422 5177 moliuntur.
1438 5110 1594 5184 Secunda,
1621 5124 1660 5169 er
1685 5107 1772 5169 ieliai·
1792 5113 1903 5170 euentu
1933 5104 2028 5185 hujus

283 5190 408 5253 Sextum
424 5198 470 5253 est
486 5192 669 5268 Zachariae,
686 5192 737 5273 qui
753 5198 877 5274 rogatus
892 5210 906 5255 a
923 5195 1107 5273 primoribus
1157 5195 1374 5258 translationis:
1392 5197 1425 5255 ut
1438 5193 1519 5254 enim
1532 5193 1614 5253 [leus
1629 5191 1817 5256 ostenderet.
1831 5191 1901 5270 jure
1915 5188 2029 5251 iactum

245 5273 442 5346 Francorum,
454 5274 660 5339 Ghilderiaunr
676 5277 865 5355 deposuit,ct
878 5280 910 5339 iu
926 5278 994 5358 ejus
1007 5280 1107 5341 locum
1160 5279 1268 5347 luisse,
1285 5272 1389 5345 multis
1403 5274 1537 5338 victoriis
1563 5274 1705 5338 Gerulum
1727 5276 1865 5340 ornarit.
1882 5286 2028 5351 regnum·

246 5356 387 5435 l'ipinum
403 5355 502 5419 Garuli
517 5358 615 5439 llagni
632 5366 761 5437 putrem,
777 5374 882 5438 regem
898 5358 992 5423 creari
1002 5360 1107 5440 jussit.
1159 5374 1220 5439 qua
1235 5352 1584 5440 eJus-ddrentissimum,
1612 5364 1643 5420 et
1656 5356 1814 5419 Ecclesiae
1831 5356 2028 5418 utilissimum

243 5438 339 5519 Cujus
353 5452 463 5505 caussa
478 5440 619 5520 luit,quia
635 5446 759 5521 propter
772 5442 944 5505 socordiam
961 5442 1109 5505 cintuert-
1159 5456 1231 5505 esse
1241 5444 1323 5505 iecit.
1337 5442 1448 5516 lertio,
1458 5457 1495 5503 ex
1507 5440 1702 5503 contessione
1714 5436 2029 5518 imperatorumGrae·

245 5520 273 5581 ai
291 5568 299 5595 ,
317 5524 348 5582 et
365 5520 505 5602 religioni
522 5568 530 5598 ,
548 5530 579 5586 et
591 5538 688 5603 reguo
710 5524 741 5585 in
757 5522 851 5587 Gallia
873 5531 1007 5589 extrema
1023 5528 1108 5587 ruina
1156 5540 1284 5598 aarum,
1310 5526 1362 5606 qai
1379 5539 1440 5586 nan
1466 5524 1566 5585 semel
1590 5522 1725 5584 contessi
1750 5526 1837 5595 sunt,
1868 5533 2028 5583 romanum

246 5603 408 5666 imminere
429 5602 588 5667 ridebatur
604 5652 613 5681 ,
629 5612 663 5667 ut
683 5610 766 5685 petet
786 5622 824 5671 ex
843 5607 983 5671 Gedreno
1004 5609 1034 5670 in
1051 5609 1111 5671 rita
1157 5608 1332 5687 pontificem
1352 5616 1421 5688 jura
1448 5605 1587 5684 potuisse
1613 5607 1714 5667 lucere
1735 5604 1818 5683 quod
1842 5604 1926 5667 tecit.
1953 5601 2027 5664 liam

248 5685 357 5749 leonis
373 5684 480 5761 isauri,
496 5686 588 5751 Paulo
602 5687 730 5752 diacono
744 5689 801 5752 lib.
817 5689 848 5752 ii.
864 5706 931 5771 cap.
945 5690 1109 5771 bdegest.
1157 5690 1298 5768 inprimis
1313 5706 1382 5753 cum
1405 5689 1543 5751 audisset
1555 5687 1646 5750 lrene
1667 5687 1846 5767 imperatris
1861 5733 1869 5754 .
1886 5684 2027 5747 Gerulum

248 5768 439 5849 longobard.
456 5774 487 5832 ει
501 5784 528 5833 s.
544 5769 700 5834 Bouiiaciu
715 5772 862 5854 episcopo
884 5774 1063 5855 moguntina
1078 5774 1109 5835 in
1157 5773 1292 5836 abecuc
1314 5772 1499 5852 appellatum
1519 5772 1745 5851 imperatorem,
1769 5785 1831 5832 non
1848 5770 1947 5831 solum
1965 5784 2027 5830 non

186 5854 187 5861 ’
246 5852 337 5930 epist.
354 5850 393 5913 nd
410 5848 537 5915 zachar.
1156 5854 1340 5931 reclamavit,
1353 5856 1407 5917 sed
1422 5854 1513 5917 etiam
1529 5853 1637 5916 Garoio
1654 5853 1770 5915 nubere
1785 5852 1927 5937 minitat
1938 5850 2028 5913 locis·

186 5932 187 5947 ¹
287 5933 1110 6019 Hacetiamiactumhaereticiagnoscunt,etrepre·
1156 5937 1416 6017 setnisipurtldi
1442 5936 1566 6016 quidam
1594 5935 1735 5999 Eunai-hi
1764 5934 2026 6015 impedivissent.
2110 5960 2113 5968 ·

186 6014 188 6027 '
250 6016 398 6083 ιιειιιιιιιιι,
415 6023 448 6079 ut
461 6016 743 6101 magdeburgenses
757 6020 844 6084 Geni.
860 6022 891 6085 8.
908 6038 975 6102 cap.
994 6020 1043 6084 ro.
1055 6022 1105 6084 ubi
1157 6028 1189 6083 ut
1203 6022 1343 6087 scribunt
1358 6020 1489 6085 bonores
1513 6027 1544 6082 et
1559 6018 1718 6083 Gedrenns
1740 6019 1771 6081 iu
1798 6022 1856 6080 rita
1883 6018 2025 6097 ejusdem

186 6110 188 6127 ·
251 6098 364 6178 dicunt,
381 6100 558 6165 Zachariam
574 6118 683 6183 papam
698 6104 787 6185 quusi
801 6105 935 6170 ditinum
950 6106 1108 6170 auctorita·
1157 6104 1278 6171 irenae.
