4792 7009
996 731 1095 792 cteta
1115 729 1289 792 SECUNDUS
1925 731 1978 792 ltu

248 867 475 938 euthrandus
491 881 554 930 ser.
577 865 609 929 2.
633 873 716 931 caat.
740 867 842 931 halan.
858 867 1118 946 hupostiaoshh.
1208 863 1347 948 hcaiqm
1363 865 1460 930 saneti
1476 865 1579 929 latres
1591 867 1784 940 concorditer
1813 869 1951 940 docent,
1977 881 2040 932 non

246 959 372 1033 ecerat.
387 952 499 1015 christ.
515 968 586 1032 cap.
597 950 650 1014 iti.
667 953 873 1032 tlicronpuus
887 959 970 1014 cont.
987 951 1118 1012 lucilar.
1165 949 1268 1012 solum
1284 949 1455 1013 haereticos
1470 965 1541 1012 csse
1556 955 1638 1012 arira
1655 950 1823 1016 Ecclesium
1840 970 1849 1028 3
1873 951 1928 1014 sed
1947 953 2038 1016 mian

247 1047 278 1102 et
297 1036 361 1113 alii3
383 1035 557 1099 haeratictrs
572 1035 664 1115 igitur
675 1035 857 1099 manilestus
873 1051 951 1116 papa
963 1049 1036 1097 esse
1057 1047 1119 1096 non
1165 1029 1236 1108 ipso
1247 1032 1326 1096 lacto
1339 1047 1443 1095 carere
1457 1035 1539 1094 amni
1554 1032 1769 1110 iurisdictione
1784 1041 1815 1100 et
1827 1033 1974 1116 dignitate
1988 1050 2040 1098 ee·

246 1124 359 1202 potsse.
1011 1158 1014 1164 ·
1165 1113 1350 1200 celesiustiaa.
1367 1113 1535 1194 Cyprianus
1552 1116 1605 1178 lib.
1623 1117 1654 1176 ll.
1668 1118 1761 1196 epist.
1777 1116 1809 1180 e.
1821 1117 1977 1188 mirare,
1992 1117 2040 1182 iu·

286 1199 463 1279 Respondet
476 1201 639 1282 cajetanus
663 1200 695 1262 in
710 1199 799 1280 Apol.
817 1215 873 1279 pro
893 1205 981 1262 tract.
997 1197 1119 1278 praedi·
1165 1197 1357 1272 quitomrtce
1370 1199 1503 1262 omnino
1516 1199 1694 1262 haereticos
1707 1205 1805 1280 nique
1819 1200 2038 1280 celdunaticos

246 1293 294 1348 cto
309 1301 379 1361 eap.
395 1283 446 1346 25.
463 1293 494 1347 ct
506 1284 538 1346 in
562 1287 629 1363 ipso
650 1289 739 1345 tract.
761 1299 831 1359 cap.
853 1281 906 1356 22.
928 1280 1118 1344 haereticum
1165 1277 1252 1343 nillil
1271 1281 1719 1360 helenopoleoraheocjurta:
1734 1289 1765 1345 et
1777 1283 1831 1344 hh.
1849 1281 1881 1346 2.
1896 1283 1987 1361 epist.
2007 1283 2036 1346 i.

246 1383 307 1434 non
329 1381 402 1429 esse
424 1367 625 1430 christianam
656 1366 854 1444 simpliciter,
888 1365 960 1428 sed·
978 1378 1048 1427 esse
1069 1378 1119 1424 se·
1166 1365 1459 1439 succenseamus
1487 1368 1524 1426 ad
1554 1353 1721 1428 Ecclesiam
1745 1365 1913 1426 redeuntes
1941 1366 2038 1428 susei-

246 1451 380 1515 euadum
402 1451 476 1528 quid
494 1467 503 1511 ι
527 1465 597 1511 nam
619 1465 689 1510 cum
705 1452 766 1511 duo
780 1447 893 1510 iaciant
904 1447 1120 1517 christianum,
1167 1445 1300 1523 piendos
1315 1454 1348 1509 nt
1363 1447 1470 1518 laicns',
1494 1449 1550 1510 etsi
1567 1455 1652 1508 antae
1671 1450 1699 1509 in
1713 1447 1850 1512 Ecclesia
1864 1447 2036 1526 preshyte-

247 1534 326 1596 iides
341 1538 374 1594 et
387 1530 570 1605 character,
594 1531 768 1594 haereticus
782 1530 995 1601 amissallde,
1018 1529 1120 1590 adhue
1167 1531 1207 1596 ri,
1220 1529 1266 1590 rel
1279 1528 1419 1609 episcopi
1432 1529 1554 1593 iruerint.
1579 1530 1704 1608 Optatus
1732 1531 1786 1594 lih.
1812 1531 1840 1594 l.
1869 1535 1952 1594 caat.
1969 1527 2039 1594 Par·

245 1617 391 1678 adhaeret
404 1615 507 1694 aliqua
522 1614 614 1678 modo
629 1612 800 1690 Ecclesiae,
813 1618 845 1676 et
859 1629 954 1694 capax
969 1612 1119 1691 estjoris·
1163 1623 1250 1674 men.
1263 1611 1363 1686 docet,
1382 1613 1553 1676 haereticos
1576 1622 1604 1674 et
1621 1613 1834 1687 schismaticos
1864 1613 1967 1676 clares
1990 1628 2038 1676 re·

248 1697 392 1762 dictionis
410 1715 420 1772 3
443 1697 573 1776 proinde
587 1697 688 1759 aditur
709 1704 758 1759 est
778 1713 867 1776 papa,
883 1696 938 1758 scd
960 1695 1119 1780 deponen·
1165 1693 1218 1771 pni
1234 1695 1391 1756 caelorum
1407 1695 1523 1758 habere
1538 1709 1599 1756 aon
1615 1711 1736 1776 posse,
1764 1701 1823 1760 nec
1851 1696 1972 1760 snirere
1987 1700 2039 1758 aut

247 1784 306 1844 dus
322 1798 331 1858 3
355 1781 425 1858 onia
454 1797 511 1861 per
531 1779 684 1842 haeresim
707 1787 755 1842 est
775 1781 962 1858 dispositus,
986 1776 1119 1856 disposi-
1165 1777 1274 1854 ligore.
1292 1775 1470 1840 ambrosius
1491 1778 1547 1840 hh.
1564 1779 1593 1840 l.
1607 1783 1648 1840 de·
1661 1777 1780 1858 poenit.
1796 1795 1864 1856 capa
1881 1778 1912 1840 2.
1929 1782 1960 1842 et
1977 1778 2033 1840 iu-

244 1867 329 1928 tione
341 1866 457 1931 attima,
473 1864 512 1924 ad
534 1878 594 1924 nan
610 1878 682 1925 esse
697 1878 818 1942 papam:
836 1861 936 1942 qrralis
951 1863 999 1922 est
1013 1863 1117 1930 homo,
1164 1859 1308 1936 gostinus
1322 1858 1353 1920 in
1365 1859 1489 1922 Euchir.
1503 1875 1572 1939 cap.
1595 1860 1646 1924 ds.
1670 1860 1755 1924 Idem
1785 1861 1876 1925 docel
1891 1859 2037 1941 llieronp·

245 1963 308 2010 nota
321 1947 444 2024 cuidem
459 1948 619 2020 marinus,
636 1946 694 2008 sed
709 1947 751 2006 iu·
763 1943 907 2007 extremis
922 1944 1117 2019 constitutus.
1164 1957 1236 2002 raus
1250 1940 1304 2004 lib.
1322 1947 1404 2004 cont.
1428 1937 1559 2005 luciler.
1573 1943 1644 2007 Noa
1658 1941 1750 2024 prend
1761 1935 2036 2024 Episcopiinquit,

192 2030 193 2063 ³
288 2031 454 2090 licentra.
475 2026 547 2089 Nam
570 2028 711 2106 inprimis
739 2026 766 2089 si
787 2027 906 2089 ratione
933 2026 1119 2089 characteris
1164 2025 1448 2103 eeaepasstuatqui
1462 2026 1617 2088 haeretici
1627 2026 1843 2103 &machecol
1856 2025 2032 2106 camdeno-

192 2102 194 2146 ¹
246 2110 421 2174 haereticus
445 2117 583 2171 mammet
595 2117 663 2172 actu
677 2110 862 2189 conjunctus
883 2125 953 2170 cum
965 2106 1117 2184 Ecclesia,
1163 2112 1339 2182 stereteae,
1353 2107 2035 2188 quireciperenturdrceaetiednconmissa.

244 2209 402 2271 nunquam
420 2199 525 2272 posset
539 2193 675 2273 praecidi
697 2199 728 2257 ct
741 2190 878 2271 separari
906 2197 973 2253 actu
1003 2189 1042 2253 ab
1057 2209 1117 2264 ea,
1208 2188 1402 2252 caelestinus
1418 2207 1493 2268 papa
1510 2191 1535 2251 l.
1550 2192 1579 2252 in
1597 2193 1688 2269 epist.
1705 2193 1742 2254 ad
1758 2190 2037 2270 lmdnticchquae

192 2268 194 2325 ¹
245 2278 317 2356 quia
333 2277 490 2337 character
504 2282 553 2338 est
572 2275 775 2338 indelebilis:
791 2277 941 2338 atoinues
957 2274 1091 2334 latentur
1107 2321 1126 2346 ,>
1165 2273 1298 2336 hahetur
1312 2272 1343 2333 in
1360 2273 1472 2335 «concil.
1487 2274 1597 2351 ephes.
1614 2281 1688 2336 tom.
1704 2275 1733 2336 i.
1749 2289 1817 2352 cap.
1837 2274 1886 2340 lli.
1902 2273 1937 2334 st
1948 2273 2032 2353 qaae,

191 2350 195 2394 ¹
242 2360 396 2436 *quosdam
411 2373 506 2436 posse
527 2357 717 2436 praecidide
738 2356 817 2420 laeto
838 2359 877 2420 ah
893 2355 1044 2432 Ecclesim
1062 2356 1117 2434 ipi-
1163 2352 1274 2440 innuit.
1299 2354 1339 2417 ch
1355 2355 1502 2434 episcopa
1518 2355 1659 2420 hosteim
1672 2363 1731 2421 cut
1744 2356 1785 2420 ch
1801 2357 1947 2436 ahisque·
1961 2371 2037 2422 etim

191 2433 196 2478 ¹
243 2447 295 2502 tur
309 2441 466 2502 character
480 2457 541 2503 nou
557 2441 627 2503 iecit
648 2440 804 2503 hominem
826 2440 1029 2507 haereticum,
1045 2453 1118 2500 esse
1163 2445 1357 2520 sequaciter,
1375 2440 1594 2518 expectatio
1617 2441 1812 2520 praedicere
1833 2445 2034 2518 coeperam,

192 2514 196 2560 ¹
245 2529 313 2584 actu
330 2522 361 2584 in
378 2523 526 2594 Ecclesia,
542 2525 713 2586 sedsoium
728 2537 799 2585 esse
813 2523 935 2601 signum
954 2520 1037 2600 qaod
1053 2520 1117 2582 iuc-
1162 2521 1214 2587 ael
1228 2521 1716 2596 emeramuaicctuauelcmuiae
1738 2529 1792 2599 eet,
1809 2537 1868 2584 eeu
1882 2523 2036 2586 amicitiis

191 2596 196 2642 ¹
244 2606 284 2667 rit
295 2607 328 2666 ln
342 2602 527 2668 Ecclesiaet
541 2607 623 2685 quod
638 2606 750 2668 debeat
761 2619 833 2668 esse
844 2607 875 2666 in
886 2602 1119 2679 Ecclesiastico·
1162 2620 1223 2666 eeu
1236 2601 1315 2666 cleri
1329 2604 1499 2683 diphitate.
1513 2607 1599 2674 hunc
1613 2607 1650 2668 ia
1670 2611 1782 2668 anatra
1807 2603 2035 2668 comemmtorae

191 2683 196 2724 ¹
244 2687 338 2750 moda
351 2691 510 2750 character
531 2693 577 2749 ori
601 2689 782 2768 impressus,
813 2687 947 2765 quando
964 2686 1016 2748 illa
1038 2691 1119 2747 errul
1164 2696 1194 2750 et
1209 2689 1344 2751 decenae
1355 2694 1384 2748 et
1399 2688 1521 2750 ducere
1536 2689 1747 2765 manifestum
1761 2694 1816 2756 eet.
1832 2687 2035 2764 melodico·

192 2792 194 2805 ·
243 2771 277 2831 in
292 2770 460 2844 mouhbus,
477 2787 539 2833 nora
556 2772 707 2832 tacheam
730 2769 853 2833 esseio
876 2769 978 2843 orili,
1000 2768 1117 2831 sadia-
1163 2785 1237 2832 mus
1252 2777 1508 2846 cemrcmatem3
1524 2775 2037 2852 patinumrpoteratpuemquum

191 2847 196 2890 ¹
243 2854 325 2915 dicat
341 2868 452 2932 erquo
466 2852 536 2914 criti
553 2853 676 2931 inperia,
693 2859 721 2915 et
743 2869 806 2931 cuo
830 2851 941 2914 iterum
970 2851 1126 2930 eoanpelii·
1165 2854 1234 2934 ejus
1247 2855 1596 2924 renouercsmtomta,
1621 2855 1679 2934 qui
1699 2870 1733 2916 se
1751 2854 1826 2931 ium
1839 2852 2037 2930 pacuiucrat

191 2931 197 3058 ἶ
243 2933 1119 3096 tehilhihlhetlalllltathltlti:
1163 2935 1547 3098 tehtlelhhtah
1560 2937 2036 3084 hillllatllthtth·

191 3095 197 3140 ¹
246 3098 526 3171 tasdhristoaeiu,
544 3098 643 3162 sedin
659 3101 794 3179 potentia
809 3103 937 3161 tantum:
953 3098 1119 3178 ubiioqui·
1162 3100 1294 3163 nuhum
1307 3101 1582 3178 siueepiecopum
1597 3101 1900 3166 eiueclericuaaeeu
1915 3101 1994 3178 pres
2025 3065 2036 3150 Ῐ

191 3179 196 3222 ¹
242 3187 293 3244 tur
314 3183 353 3244 de
367 3181 483 3244 unione
499 3184 629 3250 interna.
646 3199 707 3244 non
723 3188 869 3248 externa.
893 3181 1036 3261 quaesit
1063 3195 1120 3260 per
1162 3184 1255 3245 aione
1268 3183 1386 3264 aliquo
1397 3183 1624 3256 elocutionem,
1641 3186 1700 3264 qui
1713 3201 1735 3246 a
1749 3185 1888 3250 hermale
1901 3185 1953 3247 nei
1967 3185 2039 3267 elce

192 3261 197 3345 ¹
242 3264 474 3327 contessionem
488 3264 965 3333 hdeietrisihitiasncramenta.
979 3261 1055 3326 Cum
1069 3279 1120 3326 er·
1163 3267 1335 3339 manetem,
1349 3268 1766 3345 eupuotulieprcediecre
1780 3275 1965 3347 coeperunt,
1988 3269 2040 3334 ael
2055 3271 2096 3465 Ι

192 3356 197 3392 ¹
244 3363 284 3428 po
298 3347 457 3415 character
477 3350 515 3409 ad
529 3347 646 3409 intema'
663 3347 816 3432 pertineat
836 3363 899 3409 nen
921 3341 962 3408 'ad
991 3350 1116 3408 externa
1169 3347 1238 3412 loco
1258 3363 1330 3417 aaa.
1347 3348 1640 3416 ueicommunioae
1655 3351 1769 3414 demeti
1785 3357 1872 3425 suat,
1888 3350 2039 3428 aeldep'e·

192 3427 197 3554 ζ
244 3429 416 3524 secuudum
432 3430 466 3491 b.
482 3429 655 3526 ihomam,
671 3432 759 3493 solus
779 3430 939 3494 character
966 3443 1029 3514 non
1050 3426 1120 3492 uolt
1164 3419 2039 3532 ctumuelcaecomuaturiectumeideaitpuicraemiuem

191 3593 196 3638 .
244 3511 812 3671 ‘atalariallac...
1164 3513 2038 3675 heraclaeaeerechtheidas:

191 3676 196 3737 l
244 3677 369 3757 pliciter
381 3678 419 3738 ad
436 3678 495 3739 hoc
509 3683 543 3738 ut
557 3677 722 3758 aliquis'sit
734 3693 838 3756 papa,
862 3677 909 3740 rel
939 3682 1058 3742 eatam
1080 3675 1118 3739 ed
1166 3681 1199 3742 in
1214 3680 1309 3760 epist.
1325 3679 1363 3740 ad
1375 3679 1517 3742 llichaiel.
1532 3681 1671 3759 lienique
1699 3680 1985 3746 adamaremus
2006 3683 2038 3748 2.

191 3760 196 3804 ¹
243 3759 326 3821 irene
341 3775 425 3821 esse.
442 3759 472 3821 Si
488 3760 633 3838 primum3
649 3777 723 3839 erpo
747 3763 802 3821 istu
825 3759 1030 3838 dispositione
1044 3759 1118 3821 sub·
1166 3762 1198 3824 2.
1213 3779 1245 3842 q.
1262 3761 1314 3824 dl.
1330 3767 1386 3824 art.
1404 3761 1434 3824 3.
1451 3763 1553 3835 donet,
1580 3764 1793 3826 schismaticos
1816 3780 1885 3826 mox
1905 3766 2039 3844 perdere
2151 3815 2156 3834 .

191 3841 196 3886 ¹
243 3841 302 3903 lata
316 3859 372 3920 por
383 3844 564 3917 contrariam
590 3859 669 3922 qnae
698 3848 745 3904 est
766 3841 916 3916 haeresis,
939 3857 1012 3904 mor
1038 3855 1118 3919 papa
1164 3859 1289 3907 enarrem
1304 3843 1561 3924 jurisdictionem,
1579 3851 1609 3907 ct
1623 3845 1706 3910 irrita
1729 3861 1822 3921 esse,
1853 3847 1880 3910 si
1906 3863 1985 3926 quae
2000 3865 2039 3913 er

191 3925 196 3971 ¹
242 3926 360 3987 desinit
380 3939 468 3992 esse:
487 3924 687 4000 nequeenim
711 3931 812 4001 potest
832 3916 1118 3999 tormacenserrari
1164 3927 1384 4009 jurisdictione
1398 3942 1494 4008 agere
1508 3934 1669 3992 canentur.
1723 3937 1726 3943 “

244 4007 315 4070 sine
330 4007 516 4070 necessariis
530 4007 798 4086 dispositionibus.
811 4005 844 4070 Si
855 4006 1119 4086 secundamserpe
1209 4011 1312 4088 licque
1327 4009 1407 4072 raiol
1422 4011 1503 4088 quad
1526 4011 1650 4090 atridam
1672 4013 1873 4090 respondent:
1896 4012 2039 4080 istosl’a·

192 4093 195 4153 l
244 4107 307 4152 uon
325 4095 426 4168 potest
441 4090 554 4168 deponi
571 4107 648 4168 papa
672 4099 796 4168 propter
810 4085 979 4152 haeresim:
995 4105 1065 4150 uam
1088 4107 1120 4148 ev
1164 4098 1228 4156 tres
1241 4093 1323 4172 loqui
1336 4096 1509 4156 seeundum
1524 4095 1647 4172 uultque
1666 4091 1746 4172 iura3
1763 4112 1846 4158 aune
1871 4103 1972 4160 autern
2000 4114 2039 4164 ex

191 4176 195 4225 ¹
244 4173 365 4253 linquin
379 4171 508 4235 deberet
521 4173 635 4251 deponi
651 4175 742 4236 ctiam
764 4177 897 4252 propter,
916 4169 1120 4250 ignorantiam
1165 4174 1290 4238 decreto
1304 4174 1429 4238 concilii
1444 4175 1683 4239 constantiensis
1698 4193 1759 4240 non
1782 4179 1919 4243 emittere
1943 4179 2039 4260 juris·

191 4258 195 4301 ¹
246 4261 277 4318 et
298 4254 523 4330 improbitatem
545 4261 577 4317 et
589 4255 724 4326 similia,
743 4269 822 4333 quae
838 4253 1120 4318 tolluntscientimu
1164 4257 1342 4334 dictionem,
1358 4257 1418 4320 nisi
1431 4257 1608 4320 nominatim
1624 4260 2038 4342 excommunicatasctper·

191 4341 194 4385 ¹
245 4343 277 4400 et
289 4337 482 4418 probitatem,
501 4345 531 4400 et
545 4337 622 4400 alias
637 4336 858 4412 dispositiones
873 4337 1065 4400 necessarias
1079 4337 1118 4398 ad
1165 4353 1318 4403 cessores
1328 4341 1523 4404 clericerum.
1540 4341 1616 4406 liae.
1633 4341 1768 4422 inquam.
1781 4342 1855 4404 aitril
1870 4342 2038 4410 reletrnrm

191 4426 194 4467 ¹
244 4419 328 4483 bene
345 4435 416 4483 esse
430 4419 579 4499 papaelit
594 4426 750 4500 praeterea
767 4421 876 4483 latetur
887 4419 1014 4498 Capella
1028 4424 1117 4483 tract.
1165 4424 1269 4486 Patres
1290 4424 1421 4488 illicem
1439 4424 1546 4487 dicunt
1560 4424 1732 4500 haereticos
1754 4425 1892 4498 amittere
1911 4425 2038 4504 jurisdi·

192 4512 194 4549 ¹
245 4505 354 4584 praed.
370 4519 439 4583 cap.
453 4502 504 4566 ed.
521 4521 558 4565 er
573 4504 696 4567 deiectu
722 4502 959 4582 dispositionum
985 4510 1117 4566 nonne·
1164 4506 1376 4582 ctionem,non
1393 4507 1527 4587 allegant
1541 4507 1601 4568 ulla
1614 4506 1683 4586 jura
1698 4507 1843 4581 humana,
1854 4510 2037 4587 quaestioni

191 4588 414 4692 hfccssaripm
429 4583 619 4666 simpliciter,
636 4587 692 4650 sed
706 4589 822 4648 unium
834 4586 872 4647 ad
887 4585 968 4648 bene
982 4599 1054 4648 esse
1066 4601 1118 4666 pa·
1163 4588 1241 4652 iorte
1257 4601 1329 4652 tunc
1345 4591 1427 4652 nulia
1443 4589 1604 4653 exstabunt
1617 4590 1657 4653 do
1673 4589 1730 4653 hae
1744 4605 1790 4653 re:
1803 4591 1858 4654 sed
1875 4607 2037 4674 argumen-

243 4685 314 4748 pam
330 4685 393 4732 non
410 4684 505 4750 posse
516 4669 643 4748 deponi.
951 4677 954 4682 ·
971 4689 977 4698 ’
1028 4748 1030 4751 ¹
1164 4676 1267 4733 lentur
1281 4687 1318 4732 er
1335 4676 1440 4736 natura
1469 4671 1623 4746 haeresis.
1653 4671 1823 4737 Concilium
1846 4682 1948 4742 autem
1963 4691 2037 4740 con·

192 4754 193 4797 ἴ
286 4751 466 4830 Respondet
487 4748 768 4832 dejetanus.ildem
793 4765 865 4814 csse
880 4747 1117 4831 dispositionem
1164 4755 1334 4818 stantiense
1351 4771 1410 4818 noa
1434 4755 1570 4832 loquitur
1599 4755 1659 4817 nisi
1682 4756 1721 4816 de
1737 4757 2034 4835 exeam-unicatis,

192 4842 193 4881 ¹
244 4835 453 4897 necessariam
469 4833 717 4912 simpliciter,sed
730 4833 967 4912 partialemmon
980 4833 1116 4912 totalcm3
1165 4835 1257 4912 idest,
1274 4837 1313 4900 de
1328 4837 1442 4918 eisqui
1458 4853 1515 4916 per
1534 4837 1717 4916 senteutiam
1742 4837 1897 4901 Ecclesiae
1928 4839 2038 4904 amise-

192 4926 193 4963 ¹
248 4915 637 4996 etproindeiideremota,
662 4917 763 4979 adhoc
780 4932 899 4996 ¹papam
923 4928 1117 4994 manerepa·
1163 4925 1236 4981 runt
1247 4917 1503 4998 jurisdictionem:
1521 4917 1666 4981 haeretici
1679 4923 1778 4983 autem
1795 4920 1887 4983 etiam
1903 4926 1972 4984 ante
1985 4939 2037 4985 cx·

192 5006 193 5045 ¹
247 5015 317 5078 pam
334 5006 460 5078 propter
471 4997 561 5061 aliam
575 5004 692 5078 partem
707 4996 931 5078 dispositionis,
947 5012 1026 5076 quae
1042 4996 1118 5060 dici·
1163 5001 1473 5064 communicationem
1490 5008 1562 5064 sunt
1577 5009 1659 5064 extra
1684 5001 1866 5076 Ecclesiam,
1882 5009 1913 5066 et
1929 5004 2038 5082 prirati

192 5100 193 5129 ¹
247 5089 296 5144 tur
310 5081 479 5154 character,
497 5089 528 5144 et
541 5081 642 5144 adhuc
657 5086 806 5144 remanet.
1163 5080 1248 5144 omui
1261 5081 1490 5163 jurisdictione,
1507 5089 1585 5146 sunt
1599 5085 1683 5146 enim
1697 5085 1822 5162 proprio
1834 5085 1952 5165 iudicio
1965 5101 2039 5150 con·

192 5182 193 5185 ¹
285 5165 324 5226 dt
338 5169 454 5226 contra.
468 5163 523 5227 iel
544 5165 646 5228 totalis
667 5164 829 5242 dispositio
837 5197 851 5234 ,·
872 5177 959 5240 onae
973 5166 1025 5224 est·
1044 5161 1117 5225 aha·
1163 5163 1310 5241 demnati,
1326 5170 1361 5229 ut
1375 5167 1466 5230 docet
1480 5167 1637 5244 apostolus
1664 5167 1702 5229 ad
1724 5165 1823 5230 litum
1838 5167 1869 5231 h.
1887 5169 1947 5232 hae
1973 5175 2033 5244 est,

244 5252 347 5309 racter
360 5253 391 5307 et
403 5245 494 5321 fides,
509 5253 558 5309 est
571 5244 953 5326 neeessaria‘simpliciter,
969 5244 1018 5306 rel
1040 5259 1115 5320 nan,
1163 5248 1294 5325 praecisi
1307 5265 1324 5310 e
1339 5263 1469 5329 corpore
1483 5247 1642 5324 Ecclesiae
1657 5249 1726 5314 sine
1741 5251 2032 5316 excommunicatio·

248 5329 304 5392 sed
320 5327 433 5392 sufficit
448 5329 597 5408 partialis.
619 5328 653 5393 Si
668 5331 799 5407 primum
815 5346 824 5406 3
847 5343 922 5406 ergo
949 5333 1066 5390 remota
1081 5326 1117 5388 il·
1167 5344 1219 5398 ne.
1237 5335 1269 5392 ut
1281 5329 1484 5412 Hieronymus
1499 5331 1636 5410 exponit.

252 5413 316 5485 de,
340 5428 402 5475 nou
432 5412 564 5490 amplius
590 5417 727 5474 remanet
751 5409 914 5491 dispositio
938 5409 1116 5473 necessaria
1204 5411 1323 5475 lleiude
1338 5413 1419 5492 quod
1435 5415 1572 5477 secondo
1585 5413 1750 5486 dulcianus
1764 5414 1851 5492 dicit,
1871 5431 1965 5498 posse
1981 5433 2035 5498 pa·

249 5494 443 5574 simpliciter.
456 5495 526 5572 nuta
541 5495 643 5557 totalis
655 5499 720 5556 erat
731 5496 907 5558 necessaria
921 5491 1114 5572 simpliciter,
1162 5509 1232 5572 pam
1248 5495 1436 5558 haereticum
1451 5495 1494 5560 ab·
1506 5495 1644 5560 Ecclesia
1658 5499 1773 5576 deponi
1786 5513 1859 5562 rere
1888 5506 1919 5564 et
1933 5515 1971 5562 er
1982 5517 2036 5562 au·

191 5586 193 5627 ¹
247 5585 278 5640 et
295 5579 359 5659 jana
375 5591 437 5639 non
450 5577 645 5657 estamplius
659 5575 772 5639 totalis.
789 5577 822 5640 Si
842 5577 1026 5651 secundum3
1040 5588 1116 5651 erpo
1162 5577 1313 5652 ctoritate,
1330 5595 1391 5642 aon
1408 5579 1509 5642 minus
1524 5579 1870 5660 rideturtatsaaruean
1887 5583 2035 5662 primunr.

191 5680 194 5695 ·
247 5659 402 5724 fldesaoa
423 5657 913 5739 requirituruisiadheneesse,
933 5663 965 5722 et
985 5655 1117 5737 proinde
1162 5657 1235 5720 llam
1252 5659 1279 5722 si
1291 5657 1429 5740 Ecclesia
1452 5661 1578 5726 inritum
1600 5677 1710 5741 popam
1729 5662 1867 5742 deponit3
1881 5671 1965 5728 certe
1987 5668 2036 5728 est

191 5776 195 5796 ·
248 5748 375 5824 propter
386 5743 458 5825 ejus
471 5743 625 5806 delectum
636 5757 714 5821 papa
728 5741 843 5821 deponi
854 5757 917 5804 non
928 5745 1041 5819 potest.
1057 5737 1116 5801 lle·
1161 5755 1255 5820 supro
1269 5739 1487 5822 papamcuius
1501 5747 1677 5824 oppositum
1693 5747 1723 5806 in
1741 5745 1793 5808 illo
1806 5749 1933 5810 tractata
1948 5747 2031 5811 idern

191 5836 196 5879 ¹
248 5825 322 5890 inde
342 5843 421 5907 quae
433 5826 548 5890 hahent
561 5820 944 5904 ultimamdispositioncm
958 5822 998 5904 i¹¹
1010 5819 1116 5884 interi·
1162 5821 1327 5899 eajctmus
1341 5825 1490 5888 defendit.
1506 5825 1567 5889 Sed
1581 5825 1844 5908 respondetipse:
1862 5828 2031 5901 Ecclesium

191 5915 197 5963 t
246 5913 324 5983 tum,
337 5911 427 5988 paulo
442 5915 514 5990 post
525 5908 672 5970 desinunt
686 5921 759 5970 csse
773 5907 843 5970 sine
858 5905 916 5969 elia
929 5905 959 5968 ri
970 5909 1114 5980 externa,
1162 5920 1202 5970 ex
1218 5921 1255 5970 eo
1269 5903 1351 5988 quod
1373 5921 1482 5988 papam
1497 5909 1634 5988 deponit,
1652 5925 1714 5972 non
1729 5909 1844 5974 habere
1869 5913 2031 5976 samarita·

191 5998 198 6048 t
244 5995 383 6070 atpatct;
395 5991 490 6072 igitur
503 5997 535 6054 et
547 6005 626 6068 papa
641 5989 817 6054 hacreticus
837 5988 906 6056 sine
920 5985 1115 6074 ahadcpcsi·
1160 5992 1224 6052 tem
1246 5987 1277 6051 in
1293 6005 1414 6071 papam,
1431 5990 1487 6053 sed
1503 5991 1604 6054 salum
1626 5989 1657 6055 in
1678 5991 1760 6057 illam
1779 5991 2029 6066 coniunctionem

191 6072 199 6137 i
241 6073 757 6156 huneperscdesiuitessepapa.
927 6104 929 6107 ·
1161 6085 1314 6151 personae
1335 6088 1408 6140 eum
1421 6072 1613 6155 pontificatu:
1643 6082 1676 6140 ut
1705 6079 1789 6140 enim
1809 6073 1949 6142 Ecclesia
1976 6093 2033 6157 po·
