4792 7009
1007 747 1114 807 ntuetr
1124 746 1268 817 QUINTUS
1914 744 1966 803 ld'l

266 878 376 953 tribus,
391 877 534 959 deposuit
544 877 734 947 Friderienm
744 880 819 945 liet
829 882 942 949 necarit
955 888 1016 946 turn
1032 884 1128 962 inlpe-
1174 886 1231 958 oe‘s,
1244 882 1432 963 prmtetoe
1448 882 1485 945 bt
1498 880 1663 960 Gregorius
1677 881 1883 945 Nazianzenus
1903 881 1938 943 io
1948 877 2035 943 Orat.

265 962 344 1027 dum
360 962 448 1027 aorris
464 962 514 1027 28.
543 968 576 1027 ut
597 964 766 1031 Matthaeus
782 964 948 1033 Palmarius
963 968 994 1029 in
1012 965 1126 1031 Cicron.
1170 973 1208 1035 ed
1224 967 1349 1045 Gregor.
1373 967 1501 1045 llpssen.
1528 965 1672 1045 Moyses,
1698 967 1821 1046 inquit,
1846 964 2038 1043 pmneipum

265 1044 536 1112 annotarit.Exstat
546 1046 648 1111 adbuc
659 1053 718 1111 tota
733 1050 883 1111 sententia
897 1051 928 1111 in
940 1049 1129 1113 tricaricum
1168 1052 1333 1135 princeps,
1345 1053 1375 1113 et
1385 1048 1752 1113 secerdotrmrsncmdoe
1764 1052 1891 1112 larena
1901 1062 1961 1125 pro
1974 1046 2038 1108 lin·

183 1162 184 1177 .
266 1130 336 1203 tate,
354 1147 422 1207 cap.
445 1128 481 1191 ad
496 1129 692 1209 apostolicae,
707 1130 746 1195 de
760 1139 841 1195 sent.
855 1138 884 1195 el
899 1148 932 1197 re
945 1132 1078 1203 indicio
1093 1132 1125 1195 d.
1170 1152 1240 1217 prro
1248 1132 1552 1211 utebaturltenique
1564 1132 1754 1211 Augustinus
1765 1133 1804 1193 de
1816 1144 1913 1208 regno
1925 1128 2039 1207 nensis

266 1212 350 1273 idem
367 1214 455 1275 etiarn
472 1212 670 1277 Innocentius
684 1212 735 1275 lt.
762 1215 847 1277 dedit
871 1216 937 1295 regi
952 1215 1127 1279 Lusitaniae
1172 1222 1225 1289 eit,
1242 1235 1274 1293 o.
1297 1214 1349 1277 ns.
1362 1215 1395 1277 in
1410 1215 1506 1277 Erod.
1523 1214 1683 1285 sedebat,
1710 1215 1830 1287 innuit,
1851 1211 2042 1293 pudiciores

266 1296 472 1373 coadjutorem
489 1294 666 1375 quemdam,
682 1296 1125 1376 quirendumadmtntsnarer,
1172 1300 1370 1367 eatbmttme
1394 1298 1481 1361 sotus
1498 1342 1508 1371 ,
1528 1298 1651 1376 popolo
1673 1298 1825 1359 uniuerso
1848 1300 1966 1357 etente-
1993 1293 2040 1355 De

266 1376 517 1457 anrnttoquldem
539 1378 621 1457 regis
649 1378 859 1457 negligentia,
888 1388 919 1443 et
938 1381 1140 1458 respublica..
1175 1382 1353 1463 pontificato
1365 1388 1492 1453 antem,
1515 1398 1546 1460 q.
1562 1379 1614 1441 23.
1630 1380 1661 1441 in
1677 1380 1773 1442 Lenit.
1789 1379 1896 1452 Ambo,
1915 1378 2036 1455 irrqult,

267 1468 298 1521 et
314 1460 420 1541 religio
433 1460 463 1521 in
480 1461 631 1527 Lusitania
647 1461 863 1525 detrimentum
889 1463 1070 1543 patiebatur.
1093 1463 1128 1527 ld
1175 1466 1296 1533 summi
1308 1466 1488 1527 secerdotes
1499 1469 1604 1536 crant,
1618 1463 1740 1544 Moyses
1756 1468 1785 1525 et
1798 1459 1921 1523 Aaron.

267 1542 397 1605 trahetur
413 1542 650 1623 oapurandtne
661 1544 764 1623 suppl.
782 1546 897 1625 neelig.
914 1545 1042 1610 Praelnt.
1056 1545 1130 1607 ind.
1217 1551 1373 1610 Praeterea
1389 1546 1456 1609 Heli
1471 1552 1502 1609 el
1515 1562 1655 1609 summus
1671 1546 1807 1624 pontifex
1835 1550 1866 1606 et
1878 1541 1972 1619 jndex
1988 1557 2043 1620 po·

182 1630 186 1671 t
309 1624 532 1689 Duodecimum
553 1634 602 1689 est
617 1624 783 1689 Clementis
804 1627 855 1691 vt.
878 1628 931 1707 oui
946 1628 1131 1693 bodanicum
1176 1631 1280 1695 litteus
1295 1630 1349 1693 tuit
1364 1629 1453 1691 aunis
1467 1627 1518 1691 to.
1535 1635 1568 1691 ot
1581 1633 1662 1707 patet
1687 1644 1724 1690 er
1747 1628 1803 1690 lib.
1826 1626 1856 1688 l.
1871 1625 1948 1703 lieg.
1963 1640 1994 1687 e.
2011 1624 2041 1686 l.

183 1724 184 1751 ³
267 1706 319 1769 tv.
342 1708 1049 1787 imperatoremaloennellltll.elllenodlcto
1063 1712 1132 1775 ΧΠ.
1179 1706 2043 1790 etblieninnellnohabaei,ludestooatlras,Simon,

268 1792 568 1871 cneornmunieatum
581 1790 734 1871 deposuit.
764 1791 858 1869 Culus
884 1795 1040 1859 historiam
1063 1794 1133 1859 ride
1177 1796 1324 1871 loannes,
1341 1806 1372 1857 et
1385 1794 1498 1859 caeteri
1516 1794 1670 1874 usquead
1688 1793 1842 1857 Herodem
1861 1790 1953 1853 sitnul
1969 1802 2046 1868 pon·

183 1887 188 1926 ;
269 1874 351 1951 apud
366 1874 506 1953 Ptgbium
519 1875 574 1937 lib.
590 1874 620 1937 5.
637 1875 790 1939 hierarch.
806 1874 929 1941 Eccles.
953 1894 1020 1955 cap.
1036 1878 1086 1947 ll.
1102 1883 1134 1941 et
1179 1878 1291 1951 tilloes,
1308 1883 1339 1941 et
1351 1878 1447 1941 duees
1473 1877 1588 1954 pottttni
1605 1878 1743 1949 inerunt,
1773 1882 1807 1937 ut
1831 1878 1913 1954 potet
1934 1890 1973 1935 er
1988 1872 2046 1935 tib.

272 1956 322 2017 ts.
340 1956 599 2035 apudllobertum
615 1957 845 2024 arborioensem
860 1960 1133 2028 reuertentem.
1179 1961 1319 2025 beebab.
1342 1957 1838 2037 etextosepbo,lib.tt.aotin.
1861 1963 1971 2031 etseo.
2131 2039 2133 2042 Ι

183 2114 184 2123 ¹
272 2038 303 2101 l.
323 2038 362 2103 de
377 2040 601 2119 utroqueglad.
631 2114 633 2119 ¹
1146 2116 1149 2127 .
1200 2044 1369 2107 ,Probatur
1382 2043 1520 2105 seeundo
1534 2043 1663 2105 ratione.
1675 2041 1927 2119 Primopotestas
1939 2034 2047 2105 Eccle-

314 2120 496 2201 Argumenta
513 2122 753 2206 aduersariorum
769 2123 875 2203 partim
898 2124 1083 2191 sotubsnnt
1104 2124 1135 2187 in
1181 2126 1301 2189 siastioe
1317 2132 1349 2189 et
1361 2125 1486 2204 polltioa
1499 2131 1649 2187 nonsunt
1663 2124 1856 2196 conbeatae,
1879 2120 1935 2185 sed
1965 2124 2048 2183 utra·

271 2202 305 2265 2.
319 2204 373 2265 tib.
387 2204 426 2266 de
448 2204 605 2283 pontilioe,
623 2206 731 2285 partim
746 2223 783 2269 ex
798 2207 889 2270 dictis
912 2208 997 2271 nullo
1013 2207 1146 2287 negano·
1186 2209 1352 2289 oaeneon,
1370 2216 1526 2287 utraquea
1541 2206 1748 2285 Deomtrenne
1762 2204 1973 2272 laudabitis.et
1986 2218 2049 2265 nno

271 2286 350 2347 solvi
381 2292 523 2365 possunt.
552 2286 624 2351 Vide
647 2288 796 2353 loannem
827 2290 865 2360 de
888 2289 1138 2367 Turrecremnta,
1187 2284 2050 2370 elterisernitmrgononpugnnutinterse30rgnel1nul

280 2368 335 2431 lib.
352 2369 383 2431 2.
401 2368 485 2431 Snrn.
515 2384 582 2449 eep.
612 2372 668 2435 ult.
690 2380 721 2433 et
745 2371 863 2451 penult.
880 2371 1079 2443 aldibertum
1095 2375 1149 2438 tte-
1188 2374 1342 2437 lneodem
1359 2378 1581 2451 essepossnnt.
1621 2399 1625 2409 ·

281 2452 399 2529 phium,
415 2451 468 2513 lib.
485 2448 642 2531 inepti.
656 2456 708 2533 qni
720 2456 842 2517 solvunt
856 2462 1034 2534 argumente
1049 2472 1141 2536 quee-
1229 2456 1484 2534 Secnndomegts
1498 2454 1618 2519 diuersa
1632 2459 1705 2517 sunt
1716 2470 1774 2532 pen
1784 2459 1815 2514 et
1825 2450 2061 2528 bellomontem.

280 2534 363 2611 (¹³¹⁰,
380 2538 434 2599 sed
450 2532 578 2599 lerinao
592 2536 704 2600 lanitia.
1048 2580 1050 2589 ι
1086 2614 1089 2621 ¹
1186 2539 1267 2603 bone
1282 2540 1458 2619 bononuntio
1470 2544 1502 2601 et
1519 2537 1698 2617 spiritualia:
1715 2542 1745 2597 at
1760 2551 1840 2599 nnus
1854 2541 1886 2597 et
1897 2532 1981 2595 idern
1997 2542 2051 2594 ren

1145 2677 1148 2689 .
1185 2622 1277 2688 sinim
1290 2627 1413 2701 praeest
1432 2621 1551 2685 senatui
1566 2626 1599 2683 et
1612 2619 1771 2683 exercitui.
1789 2618 1898 2693 tenetis
1908 2623 1940 2677 et
1954 2630 2050 2677 arme-

522 2744 525 2751 -
614 2700 733 2765 CAPUT
747 2702 802 2765 tx.
927 2744 931 2753 ·
1009 2738 1011 2747 =
1185 2705 1314 2783 tis3erpo
1329 2705 1424 2769 multo
1439 2705 1537 2783 magis
1550 2704 1661 2783 poterit
1674 2718 1756 2763 unns
1771 2714 1916 2779 praeesse
1927 2699 1959 2760 in
1975 2702 2049 2759 tenr-

467 2841 480 2862 ,.
1187 2786 1346 2867 pornlibus
1357 2794 1388 2851 et
1401 2786 1612 2866 spiritualibus
1626 2784 1732 2849 rebus.
1899 2794 1902 2802 ·
1943 2830 1948 2837 .

183 2895 187 2925 r
301 2864 532 2943 tl'onpuynore
547 2864 728 2931 eumoerbo
743 2866 960 2939 licinianus
974 2868 1068 2936 nonu
1082 2871 1154 2937 att.
1229 2870 1342 2941 Tertio,
1357 2874 1458 2949 potest
1473 2886 1553 2933 unus
1567 2884 1622 2931 rer
1645 2867 1818 2945 gubernare
1843 2861 2051 2931 diuersissima

358 2947 509 3027 panneeps
524 2948 755 3015 aeclesiasticus
768 2952 960 3031 eupatorem
973 2954 1084 3019 umet.
1187 2968 1295 3031 repca,
1317 2968 1397 3032 quae
1410 2953 1549 3015 diuersos
1564 2967 1677 3024 mores,
1703 2950 1791 3017 ritus.
1807 2950 1907 3025 lepos,
1920 2960 2051 3039 eonsue-

903 3054 906 3105 ἰ
1149 3079 1152 3088 .
1189 3037 1314 3099 tudioes
1326 3036 1504 3100 bebenntzet
1517 3034 1583 3113 pari
1594 3033 1710 3097 ratione
1725 3036 1824 3110 potest
1835 3046 1917 3093 nnus
1933 3043 2053 3107 cpiscoe

310 3108 481 3203 'Quantum
497 3110 534 3172 nd
552 3114 669 3175 tertiam
691 3121 808 3195 portem
833 3118 1043 3195 quaestionis,
1070 3134 1144 3197 nno·
1189 3134 1249 3197 pus
1265 3134 1374 3197 regern
1390 3118 1538 3197 plurimas
1553 3116 1859 3193 Ecclesies‚ut·potet
1873 3112 1912 3175 dc
1927 3110 2053 3204 patriar·

183 3232 184 3255 1
284 3208 366 3251 nram
383 3194 546 3255 aduersarii
562 3196 622 3257 duo
645 3199 920 3277 qnnodnmdocent
936 3202 972 3262 de
988 3201 1145 3283 temporali
1190 3197 1947 3293 chisentiquis(ntpmittemromenumlquorum
1963 3193 2053 3272 curtr-

183 3300 184 3305 1
284 3276 460 3368 principatu
476 3278 588 3337 sommi
605 3280 769 3356 pontilicis,
787 3298 879 3361 qoem
894 3283 998 3347 habet.
1190 3284 1243 3345 bet
1257 3283 1365 3348 babuit
1379 3284 1437 3347 sub
1452 3300 1486 3349 se
1501 3283 1649 3361 plurimos
1669 3281 1847 3361 episcopos:
1871 3292 1947 3357 ergo
1960 3276 2061 3339 edem·

324 3356 436 3432 Primo,
463 3374 534 3420 esse
558 3362 789 3439 possessionen
817 3380 903 3427 mero
923 3366 1080 3429 latrocinio
1096 3382 1147 3431 oc·
1189 3369 1395 3447 poteritunns
1410 3367 1502 3429 bomo
1527 3380 1636 3444 repere
1665 3378 1761 3427 unum
1784 3361 2061 3441 episcopetumet

284 3444 437 3517 cuitatem.
1190 3466 1285 3513 unum
1303 3449 1517 3528 principatum.
1533 3447 1666 3513 Namnet
1690 3450 1738 3509 est
1762 3443 1918 3507 difficilius
1942 3456 2061 3521 regere·

329 3522 483 3593 Secundo,
506 3522 623 3586 etiamsi
632 3530 714 3603 josto
727 3524 814 3589 titolo
830 3544 900 3591 eum
911 3529 1060 3609 heberet,
1084 3550 1147 3596 non
1191 3532 1401 3611 episcopatum
1423 3548 1514 3608 onam
1530 3528 1744 3609 principatum,
1761 3528 1811 3591 rel
1830 3524 1976 3598 inclitus,
2005 3522 2054 3587 ret

287 3619 381 3697 posse
398 3603 483 3699 illum
495 3610 565 3700 jure
581 3608 725 3684 retinere,
742 3610 824 3689 quod
851 3620 967 3693 popnn
981 3630 1050 3679 curn
1065 3618 1147 3697 prin·
1191 3630 1291 3695 aeque
1305 3613 1440 3678 dittloile:
1457 3615 1482 3675 sl
1495 3614 1640 3693 prirnum;
1654 3627 1727 3693 erpo
1741 3610 1770 3675 si
1791 3624 1872 3675 onus
1883 3608 1963 3687 regit
1974 3605 2065 3671 duos.

285 3693 387 3762 erpatu
401 3688 561 3765 spirituali.
577 3688 620 3751 Ita
636 3688 777 3754 Caluinus
791 3693 846 3757 lib.
863 3694 894 3757 d.
917 3694 993 3759 Inst.
1010 3715 1077 3778 cap.
1096 3700 1145 3763 ll.
1191 3698 1399 3775 episcopatus.
1416 3713 1431 3757 e
1447 3697 1555 3777 majori
1570 3695 1650 3774 regit
1673 3710 1768 3757 unum
1798 3692 2013 3770 episcopatum·
2025 3694 2057 3754 et

283 3768 303 3847 d
319 3766 350 3829 ii.
367 3775 397 3830 et
414 3766 463 3830 lt.
480 3768 638 3849 Oportebit
653 3790 709 3835 nos
723 3776 854 3851 probare
868 3784 1042 3859 utromque,
1058 3782 1148 3845 nimi·
1190 3797 1285 3846 unum
1303 3779 1519 3857 principatum:
1535 3777 1562 3843 si
1574 3778 1767 3853 secundnm3
1784 3790 1858 3853 ergo
1872 3774 1898 3835 si
1913 3789 1996 3836 unus
2007 3786 2061 3834 res

288 3867 367 3927 rum,
384 3866 477 3931 posse
493 3854 628 3931 pontifici
645 3858 808 3921 conuenire
823 3861 973 3933 ejusmodi
997 3864 1147 3944 principa·
1191 3863 1235 3941 git
1250 3863 1328 3925 duos
1343 3862 1573 3939 principatuset
1589 3859 1795 3939 meiorlregel
1823 3873 1918 3919 unuru
1944 3854 2062 3933 princi.

292 3940 366 4005 tum,
382 3940 413 3997 el
427 3936 527 4029 fellisti
540 3942 621 4014 juste
637 3936 751 4003 htbete
766 3946 797 4003 et
810 3944 986 4023 possidere.
999 3950 1081 4023 nond
1096 3950 1151 4011 be·
1190 3951 1307 4025 patum,
1321 3952 1351 4007 et
1372 3960 1467 4007 unum
1482 3944 1693 4022 episcopatum
1707 3961 1717 4003 ε
1733 3942 1760 4003 si
1775 3938 1897 4007 tertium
1910 3956 1920 4015 3
1942 3953 2015 4015 ergo
2029 3936 2061 3999 si

286 4014 340 4077 ¹³⁰¹
352 4022 382 4111 (ἶῑ
398 4018 549 4095 possidet.
1191 4044 1274 4091 unus
1288 4027 1367 4107 regit
1378 4028 1456 4091 duos
1470 4026 1671 4105 principatus.
1687 4024 1735 4087 ret
1751 4023 1830 4085 duos
1846 4022 2054 4100 episcopatos.

326 4098 424 4193 igitur
439 4100 520 4195 quod
534 4118 593 4197 nno
608 4110 759 4183 repugnet
773 4107 948 4183 pontificem
971 4111 1062 4175 simut
1077 4130 1148 4179 esse
1191 4129 1208 4173 n
1224 4109 1316 4173 simili
1333 4111 1443 4189 poterit
1453 4125 1563 4189 regere
1577 4124 1673 4172 unum
1687 4106 1900 4187 episcopatum
1912 4108 1946 4193 et
1960 4116 2056 4168 unum

285 4198 457 4277 principem
474 4185 663 4263 spltttuttlem
679 4193 711 4249 et
722 4191 921 4267 temporalem
934 4194 1065 4273 alicujus
1079 4214 1149 4277 pro·
1191 4193 1408 4275 principatum.
2006 4265 2012 4279 .

289 4281 419 4359 cinerato,
437 4268 580 4342 probatur
594 4271 692 4345 primo
709 4273 858 4351 enenrplis
883 4282 1056 4339 sanctorum
1071 4326 1079 4350 ‚
1096 4280 1148 4359 qni
1234 4275 1358 4352 Quarto,
1374 4276 1426 4353 qui
1441 4275 1632 4337 donaverunt
1645 4271 1795 4351 episeopo
1818 4284 1957 4340 romano,
1974 4266 2056 4330 rlrls·

288 4355 486 4409 intententur
501 4366 590 4431 reges
603 4357 633 4412 et
647 4353 802 4432 principes
818 4356 925 4419 tuisse.
941 4358 1016 4421 Nom
1031 4360 1061 4421 iu
1077 4362 1147 4441 lege
1193 4374 1254 4435 noe
1270 4358 1426 4438 episcopis
1439 4358 1629 4437 principatus
1645 4353 1841 4433 temporales,
1856 4351 1900 4431 pii
1913 4350 2058 4413 homines

289 4437 413 4491 araturae
430 4430 657 4497 Melchisedech
670 4434 726 4497 luit
739 4454 792 4501 rex
813 4445 844 4501 et
858 4440 1003 4516 pontifex.
1021 4450 1053 4505 ut
1068 4452 1151 4523 patet
1192 4442 1327 4513 luerunt,
1344 4447 1375 4503 et
1386 4458 1421 4505 ee
1436 4442 1474 4501 de
1491 4456 1599 4501 neusse
1614 4438 1814 4517 praceipoea
1835 4441 1896 4497 tota
1918 4431 2056 4495 Ecclesia

287 4528 334 4604 er.
345 4510 508 4607 Genes'ld.
526 4521 556 4575 et
569 4516 662 4579 liebr.
681 4518 710 4581 l.
727 4518 819 4583 immo
835 4520 926 4585 etiam
938 4526 1011 4587 otim
1026 4541 1150 4607 semper
1193 4526 1395 4587 commendeti
1411 4527 1531 4593 suntet
1546 4529 1627 4599 patet
1641 4521 1681 4583 de
1693 4519 1891 4583 Constantino
1906 4523 1937 4577 et
1952 4514 2060 4580 Coreto

288 4603 511 4673 primogentlus
523 4614 576 4659 rex
591 4607 621 4660 et
634 4602 770 4678 pontifex
784 4608 868 4675 erat,
898 4612 931 4667 ut
954 4606 986 4671 b.
1003 4608 1149 4691 llierony-
1192 4608 1301 4687 Magno
1317 4612 1347 4668 et
1361 4606 1513 4669 budorioo
1526 4606 1595 4685 ejus
1609 4603 1672 4667 illio
1686 4648 1695 4677 ‚
1712 4602 1766 4683 qui
1780 4602 1852 4667 inde
1866 4600 1938 4663 utos
1952 4596 2058 4676 appel·

288 4694 358 4772 ¹¹¹⁰}
371 4678 460 4739 ‘littei
475 4678 505 4741 in
519 4682 768 4756 tuaesttlebrln
783 4686 856 4749 tttun
869 4686 1151 4758 Genes.dtl.linlren
1192 4690 1272 4755 latus
1287 4695 1345 4762 est,
1362 4706 1441 4769 qnos
1456 4688 1548 4750 etiam
1562 4684 1726 4751 aduersarii
1742 4684 1878 4749 laudant:
1893 4688 1926 4747 et
1938 4687 2066 4750 contra..

286 4762 521 4838 nuoroeonenn
535 4776 638 4827 meros.
661 4764 784 4829 constat
807 4786 930 4847 quoque
952 4770 1029 4845 line,
1055 4776 1148 4841 Abra·
1193 4773 1245 4849 nni
1262 4772 1415 4851 eJosmodi
1430 4771 1635 4851 principatum
1649 4768 1768 4832 auterre
1795 4765 1896 4829 eonati
1918 4769 2009 4835 sunt,
2025 4767 2059 4823 ut

290 4845 369 4909 tram,
387 4842 483 4937 Isaac,
499 4842 603 4925 iacob,
618 4848 787 4925 precipisse
803 4852 867 4915 suis
883 4858 941 4920 tam
956 4855 988 4917 in
1004 4856 1053 4931 iis,
1071 4875 1150 4937 onae
1193 4854 1372 4934 distutplms
1396 4872 1451 4917 ren
1465 4852 1731 4933 Langobardorum
1749 4897 1757 4925 ‚
1783 4846 1935 4911 Henricus
1950 4844 2001 4907 ll.
2029 4851 2060 4906 et

287 4926 325 4987 id
343 4924 536 5020 f⁰¹¹8¹9sstttb
553 4945 644 5011 quum
655 4930 686 4993 in
702 4930 752 5011 iis,
774 4950 853 5012 quoe
879 4936 917 5000 ad
943 4939 1095 5017 politicam
1110 4942 1151 5005 ri·
1193 4938 1243 5011 V„
1260 4938 1340 5007 0tbo
1355 4937 1418 5011 tlt..
1433 4936 1608 4999 Fridericus
1623 4934 1681 4996 let
1696 4932 1735 4995 ll.
1749 4932 1787 4995 ab
1801 4929 1947 4995 omnibus
1961 4929 2057 4997 bisto-

288 5008 567 5085 tamnertrnebent.
1195 5021 1271 5083 ricis
1285 5020 1413 5099 olimpii
1428 5027 1459 5081 et
1472 5017 1615 5095 sacrilegi
1631 5020 1785 5079 notantur.
1841 5071 1846 5079 ,
1886 5072 1889 5077 .
1972 5040 1976 5047 ·

331 5090 448 5153 Deinde
463 5090 595 5173 lloyses.
612 5100 642 5156 et
654 5112 792 5160 summus
803 5098 949 5179 princeps
960 5105 1150 5185 temporalis,
1237 5104 1280 5167 lte
1293 5102 1454 5182 bistctptro
1468 5100 1515 5163 sic
1524 5099 1631 5163 scribit
1644 5098 1708 5161 bdo
1722 5099 1754 5159 in
1770 5094 1884 5161 ebron.
1895 5092 1968 5157 enni
1984 5092 2056 5158 tat.

287 5178 470 5237 etsnmmus
484 5178 620 5253 pontiten
634 5176 1150 5266 tottntexdtrtntstirertsperspt·
1195 5186 1390 5266 lintulphus,
1419 5184 1540 5260 inqut.
1565 5180 1856 5261 tonpobnrdorurn
1879 5193 1943 5243 rear
1961 5176 2063 5239 nimie

291 5273 382 5317 eoum
398 5266 456 5317 est.
473 5255 719 5325 decutiendis.
737 5263 870 5329 dieitur:
896 5264 985 5331 Sedit
1007 5270 1150 5352 Moyses.
1196 5268 1319 5345 perfide
1344 5272 1535 5333 testamento
1562 5266 1649 5329 dono
1674 5264 1964 5344 praedeeessorum
1992 5258 2062 5339 mur

287 5338 500 5433 dijudicaret
512 5344 683 5421 poputum.
706 5344 743 5407 Et
768 5364 837 5427 cap.
865 5348 916 5411 32.
931 5349 1026 5415 lussit
1051 5354 1151 5417 occidi
1197 5350 1228 5411 b.
1247 5352 1340 5415 Petro
1352 5350 1471 5415 cebete
1483 5348 1642 5427 perrupit,
1661 5353 1691 5410 ct
1710 5345 1880 5425 socrdtotos
1900 5357 2061 5405 remoram

289 5422 439 5499 plurumos
452 5423 490 5485 dc
506 5424 756 5509 popntopropter
771 5438 929 5507 peccatum
951 5433 1151 5503 idololatriae.
1197 5436 1359 5499 nomene
1368 5432 1604 5497 mititibrtssuia
1615 5429 1754 5494 deditlit
1764 5428 1852 5489 inire:
1865 5423 2062 5502 discriptam,

290 5510 323 5564 θῑ
337 5521 405 5597 c{tlt
419 5502 470 5567 to.
487 5502 624 5569 tldolenit
638 5508 766 5573 bomine
782 5512 962 5589 incensum,
986 5518 1066 5594 cuod
1090 5528 1154 5582 erat
1195 5516 1397 5597 utpcrfidrm
1410 5514 1685 5581 omninmeoto'tus
1697 5516 1752 5575 eet.
1776 5510 1813 5572 Et
1833 5510 1923 5571 inira:
1946 5507 2062 5571 delui

288 5588 594 5681 merrmeuproprium
609 5606 720 5655 munus
736 5596 936 5671 pontificisut
950 5604 1080 5676 petetex
1096 5601 1152 5665 lib.
1194 5600 1281 5679 plores
1294 5598 1541 5679 dioinojudieio
1562 5597 1807 5661 demaenetum
1825 5593 1942 5672 pontt,
1955 5589 2061 5653 subdo

291 5668 323 5729 2.
341 5666 469 5747 Peralrp.
492 5686 559 5749 cap.
573 5672 624 5735 26.
641 5674 713 5735 item
729 5672 823 5739 benit.
837 5678 1060 5743 &consecrarit
1071 5684 1152 5766 lioy·
1195 5682 1516 5762 percunctarentur.
1532 5680 1644 5743 Beatus
1658 5692 1784 5758 quoque
1807 5675 1982 5739 Bernerdus
1997 5673 2062 5751 epi·

290 5764 345 5813 ses
359 5752 507 5815 Aaronem
521 5754 552 5817 in
565 5756 755 5829 sacerdotem
771 5806 779 5827 .
795 5762 993 5825 sanctificarit
1015 5766 1155 5831 taberna·
1198 5772 1238 5829 st.
1254 5765 1326 5829 ata.
1344 5765 1380 5827 ad
1396 5765 1484 5827 Rom.
1506 5760 1704 5827 vehementer
1726 5760 1864 5835 increpat
1884 5758 2037 5820 Romanos
2051 5800 2061 5831 ,

287 5832 394 5897 cuturn
408 5842 439 5897 et
452 5836 669 5913 eltare‚obtnlit
681 5838 829 5905 sacrificia
844 5851 873 5906 et
885 5846 1154 5929 trolocausta,quee
1198 5850 1280 5929 quod
1296 5848 1334 5911 ab
1348 5846 1486 5927 Eugenio
1498 5860 1578 5927 pepe
1593 5841 1823 5907 discessissent:
1836 5855 1944 5903 caussa
1958 5843 2061 5901 eutem

292 5916 378 5979 solus
393 5920 537 5983 sacerdos
551 5919 653 5985 lacere
668 5929 781 6001 potest.
797 5924 903 6004 ltaoue
932 5930 1018 5993 lbilo
1042 5931 1096 5995 tio.
1119 5932 1151 5997 3.
1198 5931 1401 5995 discessionis
1416 5930 1523 6004 lueret,
1540 5934 1573 5989 nt
1587 5943 1625 5989 er
1638 5926 1764 6000 Plotina,
1783 5930 1813 5987 et
1826 5921 1982 5986 historicis
1992 5922 2062 5985 eliis

291 6000 331 6061 dc
346 6002 402 6063 rita
419 6000 543 6082 biensis,
558 6002 588 6067 in
605 6004 719 6068 ultimis
734 6007 846 6071 uerbis:
862 6010 927 6073 linc
949 6018 1005 6089 cat,
1027 6012 1149 6093 inquit,
1199 6020 1291 6091 potet,
1307 6014 1378 6093 quia
1397 6010 1524 6077 Romani
1549 6010 1696 6075 nolebant
1720 6008 1851 6073 subesse
1872 6005 2009 6085 pontiflci
2029 6005 2062 6067 in

291 6084 369 6163 utto,
382 6084 434 6148 trie
447 6087 554 6151 exitus
566 6084 787 6171 monterone,
800 6092 1002 6173 tendiculis,
1026 6098 1155 6177 pomili-
1201 6096 1432 6178 temporalibus,
1444 6094 1500 6161 sed
1515 6109 1601 6160 orere
1614 6092 1800 6172 reteri,per
1820 6089 1966 6155 consules
1980 6104 2060 6155 rem·
