4792 7009
417 690 468 746 teti
660 730 666 739 ·
805 704 810 721 ·
1096 690 1140 750 ab
1159 690 1268 749 tettae
1288 689 1345 748 bil

384 819 536 885 Eusebius
551 818 605 885 lib.
621 821 649 885 t.
673 821 712 887 de
741 823 915 889 Demonstr.
939 824 1053 905 Brong.
1077 840 1145 903 cap.
1167 821 1201 887 8.
1247 823 1436 889 stimulasse
1452 823 1707 907 terendum,quod
1723 826 2109 904 Basiliusdicot,eamdem
2202 865 2203 894 1

345 900 524 975 Caeterum,
541 903 651 985 inquit,
666 906 765 969 Moses
786 909 824 972 in
849 907 965 971 tabulis
993 907 1199 978 insultantis,
1246 907 1305 968 rim
1322 906 1436 970 babere
1451 908 1488 970 ad
1505 908 1646 986 pietatem
1668 911 1857 973 traditiones
1879 914 2108 992 poedagogicas

345 984 484 1049 Citrislus
499 994 608 1051 autem
620 988 658 1052 in
672 990 832 1054 manilius
852 992 920 1053 aito
941 992 1100 1071 praeditis
1126 1006 1199 1069 per·
1248 990 1259 1063 (
1273 996 1304 1051 ut
1320 990 1387 1069 ipse
1403 993 1537 1067 tenuitur
1552 991 1563 1069 )
1580 992 1618 1053 de
1633 991 1722 1072 signu
1739 992 1856 1063 Crucis,
1873 1000 1904 1055 et
1915 1012 1991 1073 aqua
2007 996 2106 1059 herre-

339 1066 511 1145 iectanoai
526 1071 716 1136 Testamenti
731 1075 924 1137 decremento
939 1074 1201 1153 descripsitEjus
1246 1075 1337 1145 dicta,
1354 1090 1423 1135 curn
1441 1073 1615 1152 Scriptorac
1630 1083 1753 1137 sanctae
1768 1077 1974 1156 dogmatibus.

340 1166 414 1213 aera
438 1153 602 1232 discipuli,
620 1156 1031 1235 udmopistrisuiuutum,
1063 1155 1199 1217 auribus
1286 1155 1347 1217 Sed
1369 1156 1492 1219 omissis
1529 1157 1681 1232 convitiis,
1705 1174 1763 1219 nec
1785 1162 1868 1221 enim
1891 1166 2029 1223 nostrum
2057 1168 2109 1223 est

338 1235 515 1297 inultorum
529 1236 820 1301 doctrinamsuam
835 1240 1199 1317 accettandomcsmuoa·
1247 1238 1376 1301 reddere
1400 1240 1475 1299 matu
1498 1255 1553 1317 pm
1576 1240 1675 1315 matis,
1699 1245 1874 1320 respondeo
1895 1241 1933 1303 od
1963 1242 1994 1304 id
2022 1246 2108 1321 quod

340 1331 478 1397 cumque
494 1320 637 1398 quidem,
653 1321 1199 1401 aeiraliulbubabilumpropressi,
1249 1320 1386 1383 breulius
1415 1321 1532 1401 objicit:
1561 1323 1734 1385 rectissime
1761 1324 1885 1403 aeipuari
1913 1323 2109 1388 Tratiitiones

340 1401 509 1478 opericulo
530 1402 675 1481 ipsorum
689 1407 842 1482 naapblro
857 1412 1031 1483 praecepto
1056 1406 1198 1481 irrorent,
1245 1404 1422 1483 Scripturim
1439 1422 1507 1465 nam
1522 1411 1553 1467 ul
1569 1406 1600 1467 in
1615 1405 1779 1483 Scriptoris
1795 1406 1944 1485 quaedam
1960 1413 2032 1469 suat
2043 1425 2108 1469 ma·

339 1497 379 1544 eu
391 1484 506 1563 lismoi
519 1500 634 1563 cupere
643 1492 793 1564 potarunt
804 1488 1199 1567 trurlider·unl·,quaecuno·
1244 1502 1301 1562 gua
1315 1493 1488 1565 praecepta,
1499 1494 1532 1549 nt
1544 1489 1672 1567 diligere
1686 1488 1795 1560 Boura,
1809 1488 1958 1568 quaedam
1973 1490 2104 1566 minora,

338 1579 400 1643 pue
414 1582 487 1629 aero
498 1566 540 1627 iis
555 1570 725 1631 concauire
737 1569 1054 1651 arbitrabantur,qui
1069 1570 1198 1633 animas
1244 1574 1276 1630 ut
1291 1585 1352 1631 nun
1362 1569 1465 1632 elicere
1481 1571 1605 1632 vertiam
1621 1571 1847 1650 otiosum,qune
1862 1588 1923 1633 aua
1939 1587 2057 1651 aequae
2072 1590 2107 1633 o-

338 1647 1199 1731 adbucaffcclibusabraamiusparerent,locutionisque
1242 1652 1358 1728 btipant
1374 1652 1410 1714 ud
1427 1652 1683 1725 ohservatioaam,
1697 1660 1840 1718 ettamen
1858 1670 1958 1735 oeque
1970 1656 2111 1734 obligant

337 1731 530 1807 incipentes,
548 1746 588 1793 eu
602 1733 665 1810 ipsi
680 1736 724 1796 ad
745 1735 996 1797 imbecillitatem
1022 1736 1199 1797 nemitorem
1242 1734 1279 1795 ad
1295 1733 1401 1797 Eidem
1424 1741 1455 1798 et
1475 1734 1802 1816 venerationem,(non
1825 1737 1908 1799 enim
1932 1737 2034 1799 tainus
2056 1743 2107 1801 cst

333 1827 367 1873 se
382 1813 591 1887 dormientes,
607 1818 728 1891 parlim
743 1818 854 1881 literis.
864 1818 985 1895 purtim
999 1819 1069 1880 sino
1084 1818 1196 1890 literis,
1243 1817 1485 1897 iraereticus,qui
1501 1834 1564 1879 non
1579 1818 1743 1892 creditam
1754 1835 1815 1879 non
1829 1824 1990 1882 redemtor
2002 1819 2107 1898 Scrip-

335 1894 516 1973 quusijnre
531 1899 676 1975 qtaodam
690 1915 759 1963 roura
786 1901 904 1978 scripte
928 1901 1093 1964 seruanda
1114 1915 1197 1963 com·
1245 1913 1342 1961 ruram
1367 1900 1461 1969 ilium,
1485 1916 1564 1977 quae
1586 1901 1670 1961 dicit:
1693 1901 1737 1963 Be
1759 1902 1850 1964 onorii
1882 1901 1977 1965 aerbo
2000 1904 2108 1965 otiosa

334 1978 547 2040 merodorum.
1241 1982 1378 2045 redderet
1391 1984 1554 2045 rationem
1566 1984 1604 2045 in
1625 1985 1678 2046 die
1694 1985 1829 2062 judicis
1852 2001 1943 2062 quum
1965 1986 2018 2063 qui
2039 2002 2109 2049 non

372 2058 557 2123 Athanasius
574 2061 603 2122 ia
620 2062 676 2125 iib.
689 2063 728 2125 dc
743 2064 828 2127 decr.
845 2065 976 2127 Nicanor
992 2064 1105 2143 synodi
1123 2078 1196 2125 con·
1241 2065 1349 2140 credit,
1367 2072 1418 2126 aut
1432 2082 1494 2127 non
1518 2072 1676 2127 ueneratur
1691 2067 1784 2127 iliam:
1798 2066 1915 2144 ltilipes
1932 2068 2107 2132 Borninum

221 2197 223 2212 ,
333 2146 376 2203 tra
392 2140 572 2205 Eusebium:
588 2144 680 2217 Ecce,
693 2146 814 2226 iniquit,
836 2164 895 2211 nos
919 2148 1053 2227 quidem
1078 2162 1121 2210 cm
1135 2146 1197 2208 Pa·
1242 2146 2106 2229 Deumluumetc.)‚iluetiaminEradbiouibusquae·

333 2222 435 2286 tribus
447 2226 493 2287 od
506 2224 616 2289 Patres
630 2244 689 2306 per
700 2246 818 2293 mantas
830 2232 985 2294 traditam
998 2230 1097 2307 luisse
1111 2229 1197 2291 lcarec
1243 2232 1312 2289 dam
1327 2230 1539 2310 summeium,
1557 2236 1588 2293 et
1601 2233 1752 2309 quaedam
1774 2231 1890 2293 mitiora
1910 2232 2011 2310 quoad
2026 2233 2105 2295 obii-

331 2308 525 2370 scnlenliom
540 2310 842 2375 daneonstraaimus.
869 2313 925 2376 Vas
949 2318 1070 2381 aulem,
1093 2328 1111 2373 u
1139 2327 1197 2375 no·
1242 2314 1397 2389 gutiarum
1417 2313 1543 2393 agendi,
1560 2318 1591 2375 el
1605 2319 1706 2375 tamen
1722 2313 1825 2375 omnia
1846 2330 1946 2393 aeque
1973 2314 2110 2395 ‹inligant

333 2389 367 2450 ai
396 2389 516 2453 tredaci
544 2398 572 2453 cl
596 2394 736 2472 croatiae
758 2397 932 2475 discipuli,
961 2412 1040 2477 quos
1066 2396 1198 2458 intudem
1241 2393 1279 2456 ud
1293 2393 1412 2470 Fidem,
1427 2394 1706 2458 elesneratiuncm.
1730 2396 1765 2457 Et
1780 2398 1890 2459 eodem
1905 2396 1994 2459 modo
2009 2414 2108 2475 quae·

337 2471 509 2535 uerborum
535 2482 713 2539 aestrorum
740 2481 868 2558 potestis
894 2481 1061 2543 ostendere
1084 2492 1194 2558 prope·
1241 2477 1310 2537 dam
1325 2478 1598 2540 sunt'lruditioncs
1611 2478 1742 2559 majmes
1757 2479 1856 2557 quand
1869 2480 2101 2557 obligationem,

331 2556 476 2617 reiteres?
504 2556 634 2621 Busiiius
664 2560 718 2622 lib.
742 2562 781 2623 de
805 2562 886 2640 Spir.
911 2568 1010 2625 sanct.
1042 2578 1110 2639 capr.
1143 2558 1196 2620 Ei.
1243 2576 1334 2637 qurum
1357 2561 1505 2639 quaedam
1519 2559 1706 2639 Scripturas,
1730 2561 1880 2641 qrtoedam
1907 2563 2053 2636 nrinores,
2077 2567 2109 2626 et
2204 2591 2205 2616 1

337 2638 504 2714 deamata,
522 2638 633 2717 iuquit,
650 2658 734 2721 quae
745 2646 781 2706 in
796 2645 941 2709 Ecclesia
964 2649 1137 2708 secuuntur
1158 2658 1196 2703 ac
1242 2644 1391 2721 quaedum
1408 2644 1566 2721 aequatem
1579 2660 1648 2705 cum
1662 2650 1762 2706 tumen
1775 2660 1887 2707 omnes
1900 2645 2105 2720 traditiones,

331 2720 580 2799 praedicamur,
591 2727 713 2801 parlim
727 2743 769 2789 eac
783 2730 965 2808 cormeriplu
978 2727 1127 2789 doctrino
1140 2724 1197 2787 ba·
1242 2731 1273 2785 et
1287 2741 1396 2787 omues
1408 2725 1582 2803 Scripturas
1595 2726 1657 2788 sint
1668 2726 1827 2803 aearroies,
1848 2734 1996 2806 quantum
2007 2728 2046 2789 ad
2058 2727 2108 2789 Ei·

338 2802 459 2877 bonurn,
474 2807 596 2882 parlim
609 2810 878 2887 coapostolorum
894 2812 1069 2874 traditione
1080 2809 1117 2871 iu
1129 2824 1196 2888 mp·
1243 2806 1314 2868 dem
1329 2813 1360 2869 el
1376 2808 1696 2888 reparationemquac
1711 2810 1772 2871 iliis
1799 2809 1940 2884 debetur,
1954 2826 2026 2871 rum
2040 2825 2110 2887 pro-

336 2886 432 2947 steriu
449 2887 691 2953 udaeasdetutu
717 2895 910 2971 recepimus.
944 2892 1197 2970 Quaecumque
1243 2888 1420 2952 ticiscautur
1455 2890 1619 2953 abeodem
1642 2898 1765 2954 auctore
1795 2890 1870 2967 beo,
1888 2891 2111 2953 ctrerriantod

335 2970 483 3031 eumdem
498 2970 543 3031 ad
560 2972 714 3049 pietatem
726 2976 794 3037 aiere
812 2976 942 3051 baberet,
973 2982 1002 3039 el
1022 2990 1117 3039 neura
1147 2973 1197 3035 lais
1243 2988 1300 3033 nes
1315 2988 1371 3051 per
1385 2988 1493 3035 manus
1509 2972 1650 3052 ejusdem
1662 2973 1819 3037 Ecclesiae
1838 2973 2110 3054 catttctieaeauac

335 3052 539 3125 contradicit,
556 3056 613 3131 qui
625 3057 676 3118 ael
688 3059 884 3123 mediocrem
903 3060 1018 3123 scellam
1040 3057 1197 3119 Ecclesia·
1242 3058 1290 3117 cst
1301 3060 1397 3118 mater·
1412 3060 1513 3118 nostra
1526 3061 1556 3117 et
1569 3054 1679 3118 Christi
1695 3072 1821 3136 sponsa.

334 3133 627 3210 sticarump'urium
642 3141 880 3218 experientiam
893 3143 1055 3205 bobetclc.
1070 3140 1107 3201 Et
1122 3154 1197 3201 enu·
1282 3136 1422 3216 benique
1443 3136 1637 3201 Burmannus
1659 3154 1721 3201 aon
1749 3145 1913 3201 contentus
1940 3140 1990 3216 iis,
2025 3152 2106 3218 quae

336 3222 433 3277 marat
448 3219 594 3279 continuo
608 3220 754 3299 pluriores
767 3224 959 3289 traditiones
976 3240 1038 3289 non
1050 3224 1195 3302 scriptas3
1244 3218 1387 3281 Brcntius
1401 3228 1431 3282 et
1442 3221 1617 3283 tiemnitius
1632 3222 1784 3293 dixeram,
1797 3222 1893 3283 addit:
1916 3222 1983 3284 lsla
1994 3223 2108 3283 anania
2204 3269 2205 3290 ,

336 3299 488 3361 etsimilia
504 3300 597 3362 habet
610 3318 678 3383 cap.
695 3304 747 3368 ab.
1240 3316 1310 3365 nen
1320 3303 1718 3369 csscBositiiscdinscrla
1729 3304 1853 3367 intibro
1865 3304 1980 3369 Basilii
1990 3303 2032 3366 ab
2045 3304 2105 3366 oli·

376 3378 556 3460 Respondet
570 3382 753 3449 liernaitius:
767 3388 844 3453 baec
859 3405 937 3469 quoe
949 3388 1080 3451 Basilius
1092 3386 1195 3461 retent,
1244 3401 1308 3465 que
1322 3386 1496 3449 nebulone.
1516 3386 1599 3459 Quae
1613 3404 1689 3449 sane
1701 3388 1930 3466 expeditissima
1942 3390 2108 3467 responsio

336 3476 400 3525 non
414 3478 483 3527 esse
498 3464 637 3545 dogmata
659 3468 758 3545 Fidei,
774 3476 825 3533 aut
849 3489 978 3547 marum,
1001 3470 1058 3535 sed
1082 3474 1198 3532 tantum
1246 3475 1304 3547 est3
1322 3470 1367 3531 sic
1382 3470 1465 3532 enim
1482 3470 1570 3532 turuile
1586 3478 1633 3533 est
1648 3471 1769 3533 soluere
1791 3469 1891 3532 omniu
1914 3476 2106 3533 aeramenta:

336 3550 413 3613 ritus
428 3551 577 3629 quosdam
593 3552 720 3631 liberas,
737 3559 770 3615 ut
784 3552 907 3633 signare
922 3570 956 3617 se
972 3556 1062 3635 signo
1079 3552 1196 3626 Crucis,
1245 3568 1347 3631 aeque
1358 3552 1454 3614 adieri
1466 3554 1556 3615 tiliana
1570 3553 1781 3631 probationem
1793 3554 1999 3630 Hermaanus,
2013 3570 2107 3633 qoam

337 3634 464 3698 adorare
479 3634 516 3695 ad
532 3633 701 3709 Orientem,
727 3636 869 3699 benedici
886 3655 994 3717 aquam
1011 3643 1071 3699 cte.
1088 3637 1122 3697 bi
1135 3652 1198 3698 rne-
1246 3634 1365 3696 Erusmi
1381 3636 1655 3715 castimoniarum
1667 3636 1751 3698 risus
1764 3643 1811 3697 est
1821 3636 1880 3698 sibi
1896 3638 2002 3698 nescio
2014 3652 2106 3716 quam

339 3721 467 3782 minisse
482 3719 574 3781 debet
589 3718 762 3781 Eamnitius
777 3735 811 3781 se
827 3720 954 3795 dixisse,
979 3736 1039 3783 uon
1058 3735 1150 3798 posse
1166 3734 1198 3781 ο·
1244 3716 1450 3782 diversitatem
1463 3720 1531 3800 styli
1548 3718 1691 3781 olfecisse
1706 3720 1736 3780 in
1751 3719 1801 3783 bis
1816 3718 1968 3797 capitibus
1981 3737 1997 3780 a
2012 3736 2106 3800 supe·

343 3804 445 3865 stcadi
461 3804 556 3865 altum
571 3808 661 3863 ntum
677 3809 761 3865 certo
778 3801 815 3864 ab
831 3803 984 3882 Apostolis
1000 3802 1197 3865 institutum:
1252 3798 1398 3863 rioribus.
1421 3802 1458 3864 dt
1478 3802 1510 3864 b.
1530 3801 1665 3865 loannes
1687 3804 1895 3865 Bamasccnus
1917 3803 2008 3883 longe
2029 3804 2109 3867 anti-

336 3884 389 3949 hie
404 3892 504 3949 autern
521 3883 651 3947 Basilius
666 3885 812 3948 audacter
826 3892 984 3949 enumerat
999 3885 1148 3965 plurimos
1160 3884 1198 3947 ab
1244 3883 1333 3959 quior
1348 3890 1379 3945 et
1392 3884 1521 3961 dectior,
1539 3892 1569 3948 et
1584 3886 1614 3947 in
1629 3885 1733 3947 basilii
1747 3885 1872 3963 scriptis
1887 3886 1987 3966 magis
2001 3900 2107 3951 tersa·

338 3968 494 4045 apostatis
509 3968 808 4044 institutosbcinde,
824 3968 881 4031 elsi
894 3986 955 4031 aun
967 3970 1007 4032 sit
1022 3968 1198 4031 necessaria
1248 3970 1308 4040 tus,
1326 3965 1402 4027 oibit
1419 3968 1477 4030 talc
1492 3968 1625 4031 ottacere
1637 3967 1747 4049 potuit.
1763 3968 1795 4031 Is
1809 3966 1913 4047 euim(
1924 3968 2103 4032 utomittam

338 4050 375 4114 ad
392 4052 521 4113 sulutem
537 4052 709 4115 obseruatio
724 4051 896 4129 aliquorum
912 4069 949 4113 ex
963 4052 1012 4114 his
1027 4050 1194 4119 ritibusto·
1243 4049 1432 4112 recentiores
1458 4050 1626 4130 plurimus)
1643 4054 1674 4112 iu
1688 4055 1765 4114 urat.
1780 4051 1809 4113 t.
1824 4067 1879 4127 pro
1902 4048 2007 4115 Senot.
2030 4052 2103 4114 ima·

335 4149 407 4196 men
424 4138 632 4198 necessarium
650 4141 696 4195 est
711 4134 750 4196 ad
766 4136 897 4197 salutem
910 4134 1038 4197 credere
1054 4149 1124 4196 esse
1141 4134 1193 4197 be·
1242 4130 1307 4208 gia.
1324 4130 1370 4193 sic
1381 4134 1434 4194 ait:
1451 4132 1503 4195 Sic
1514 4133 1701 4195 adverbum
1712 4134 1805 4195 oilli.
1818 4134 1960 4196 Basilius
1972 4134 2104 4214 inaipe·

339 4232 377 4279 ne
393 4216 557 4292 institutus,
574 4224 604 4281 ct
618 4231 674 4279 eos
689 4232 751 4279 nun
766 4222 975 4281 contemnere:
999 4214 1196 4297 quemadmu·
1240 4213 1457 4294 simoseptimo
1475 4217 1579 4294 capite
1593 4217 1682 4278 illius
1698 4216 1782 4289 libri,
1806 4231 1902 4295 quem
1916 4217 1957 4280 de
1979 4215 2107 4296 Spiritu

337 4300 408 4362 dum
425 4300 517 4361 muita
533 4317 612 4379 elnae
628 4306 699 4361 suut
715 4300 745 4362 in
767 4300 946 4379 Scripturis,
971 4316 1032 4362 aon
1054 4304 1127 4361 suut
1142 4314 1195 4361 ne·
1242 4302 1353 4359 sancto
1369 4298 1504 4376 tripiutu
1515 4299 1703 4361 intinctum
1713 4298 1874 4378 capitibus
1886 4296 2107 4378 addmpbilo·

338 4380 471 4444 cessaria
487 4382 523 4442 ad
540 4382 1194 4462 satutem,ulqnoduiroperteoapitaoret,
1241 4377 1352 4441 cltum
1370 4380 1492 4444 emoto:
1529 4378 1617 4456 Quoue
1635 4381 1674 4445 in
1704 4380 1849 4444 Ecclesia
1868 4388 2053 4457 seruantur,
2078 4388 2107 4444 et

338 4470 369 4525 et
380 4463 489 4523 muber
501 4464 599 4526 aetatu
613 4462 762 4526 t.Corint.
778 4464 827 4526 il.
840 4471 871 4528 et
886 4470 987 4529 tamen
1000 4478 1133 4527 necesse
1148 4466 1196 4527 est
1240 4462 1478 4540 praedicantur
1497 4464 1657 4537 instituto,
1673 4465 1794 4542 partina
1814 4480 1858 4526 eac
1878 4465 2003 4543 scripto
2030 4481 2107 4528 con·

338 4544 375 4606 ad
392 4545 521 4606 satutem
538 4544 594 4607 ista
610 4546 749 4619 credere,
766 4551 797 4609 el
812 4562 874 4610 nou
885 4553 1097 4609 contemnere.
1241 4549 1329 4608 staret
1356 4546 1517 4621 doctrino,
1544 4548 1667 4626 parlim
1694 4546 1915 4625 Apostolorum
1947 4546 2106 4610 aradam·

377 4624 518 4705 Bessique
534 4628 663 4690 Basilius
677 4644 737 4690 non
754 4628 853 4691 solum
870 4629 946 4691 ritus
962 4628 1123 4707 quosdam,
1141 4628 1197 4691 sed
1242 4643 1286 4691 ne
1298 4632 1357 4691 ela.

338 4708 430 4771 etiam
445 4710 595 4789 quaedam
611 4710 703 4773 reiert
717 4711 905 4784 essentialia,
923 4718 955 4773 ut
970 4712 1198 4775 contessionem
1287 4708 1452 4791 Gregorius
1473 4709 1678 4775 Nazianzenus
1692 4715 1768 4773 orat.
1784 4711 1813 4774 i.
1829 4709 1861 4772 ia
1882 4709 2038 4774 lulianum
2060 4712 2105 4775 at·

337 4791 436 4862 Fidei,
450 4793 481 4855 td
494 4801 552 4868 est,
567 4793 745 4874 Symbolum
757 4794 974 4872 apostoticam,
986 4794 1067 4873 quod
1080 4808 1117 4857 ex
1129 4794 1199 4855 Bra·
1244 4796 1289 4853 tra
1311 4792 1457 4869 medium,
1481 4800 1645 4874 postquam
1664 4794 1792 4869 dixerat,
1815 4799 1944 4873 propter
1964 4794 2107 4874 deganam

338 4876 454 4939 ditione
470 4876 631 4951 nubemus,
648 4884 679 4939 et
692 4877 752 4940 ulei
769 4877 945 4939 eructionem
959 4878 991 4939 in
1003 4876 1199 4939 Sacramenta
1244 4874 1430 4938 'testamenti
1445 4875 1556 4938 veteris
1572 4882 1603 4939 et
1615 4875 1695 4953 novi,
1709 4876 1878 4939 doctrinam
1892 4876 2052 4940 Ecclesiae
2065 4878 2107 4939 ri·

339 4958 596 5023 Condrmationis:
614 4959 766 5038 quaedam
781 4958 872 5021 etiam
887 4960 947 5023 alia
969 4964 1198 5035 commemorat,
1247 4972 1313 5019 sam
1326 4958 1421 5021 tuisse
1432 4957 1553 5021 tuliano
1565 4958 1843 5037 mirabilem3addit
1855 4962 2014 5022 continuo:
2030 4960 2107 5022 Coe·

337 5057 416 5121 quae
432 5042 490 5104 etsi
505 5056 543 5103 ex
557 5056 592 5103 se
608 5058 670 5104 uun
692 5044 755 5103 sint
776 5042 964 5117 neccssaria,
989 5046 1090 5104 tamen
1112 5048 1198 5121 post·
1246 5041 1642 5121 teruminquitmaajorem
1653 5042 2027 5123 utqueinsipnieremcb
2039 5044 2104 5121 [or-

338 5140 431 5202 quam
447 5130 608 5203 praecepta
624 5130 706 5198 sont,
724 5126 762 5186 ita
778 5131 851 5187 suat
863 5122 1051 5200 necessaria,
1070 5130 1102 5187 ut
1118 5124 1143 5187 si
1160 5123 1199 5187 de
1245 5139 1315 5185 mas
1329 5124 1495 5187 Ecclesiae
1507 5123 1601 5187 nabis
1615 5127 1762 5198 traditas,
1786 5126 1930 5205 alquein
1951 5125 2040 5188 bunc
2051 5143 2103 5187 us-

341 5207 491 5271 iudustria
507 5204 694 5278 emittantur,
711 5208 842 5285 grauiter
862 5212 1056 5287 peccetar‚ut
1076 5206 1200 5287 signum
1245 5220 1307 5285 quc
1319 5207 1622 5271 dtemconsemotas
1637 5213 1695 5270 etc.
1712 5206 1850 5287 Explicat
1870 5212 1974 5270 autem
1986 5215 2105 5286 postea.

339 5290 721 5353 crucisincensecratiune
733 5287 1202 5368 oquue,Eaebmistiae,Cbrisma
1245 5303 1280 5349 se
1295 5286 1409 5367 ligures
1420 5289 1579 5352 Ecclesiae
1594 5306 1722 5354 rorasse
1734 5288 1941 5368 disciplinam,
1955 5290 2104 5369 politiam,

337 5371 388 5446 tis;
404 5388 526 5435 necrron
541 5370 772 5435 abrenunciatio
790 5372 929 5445 Satanae,
946 5375 977 5434 el
993 5370 1113 5450 pompis
1130 5371 1199 5449 eius
1245 5369 1385 5433 ordinem
1406 5370 1586 5447 Ecclesiae,
1609 5372 1757 5436 rationem
1779 5372 1954 5452 psallendi,
1978 5372 2122 5435 modam⁴

335 5454 368 5515 in
383 5453 536 5532 Baptismo
550 5462 610 5517 etc.
628 5454 706 5516 Bicil
717 5456 799 5517 enim
809 5455 994 5533 Augustinus
1005 5452 1196 5516 tractabili.
1247 5451 1454 5529 paenitentiae
1468 5453 1685 5533 imponendae,
1701 5456 1833 5519 sacrario
1844 5454 1876 5517 ia
1893 5455 2028 5534 templis,
2043 5472 2105 5517 rnu-

335 5535 514 5607 iniustae
526 5537 615 5617 signu
629 5536 735 5600 Crucis
752 5537 834 5599 nullu
850 5538 1044 5599 Sacramenta
1058 5536 1114 5599 rite
1130 5551 1200 5615 per·
1248 5534 1423 5609 cacabatum,
1452 5534 1603 5615 virginum
1624 5538 1785 5611 coenobia,
1809 5542 1840 5601 et
1860 5536 1917 5600 otia
1939 5538 2104 5616 peremtio,

341 5616 453 5697 regnet
464 5617 545 5678 idern
557 5618 1199 5699 docelClrrysustumusiuueniliiiniiattb.
1248 5634 1326 5696 quoe
1341 5634 1379 5681 ea
1392 5618 1458 5681 sota
1472 5618 1644 5683 Tradiiioae
1658 5621 1821 5683 habentur.
1838 5622 1922 5699 Quae
1938 5620 2039 5683 omnia
2054 5619 2109 5681 Ju-.

379 5699 520 5761 Brentius
531 5707 632 5762 autem
644 5700 879 5765 inverecundior
892 5703 1069 5779 respondet:
1079 5703 1133 5763 tras
1143 5701 1198 5763 Ba·
1244 5699 1346 5763 liunus
1360 5701 1454 5763 uoluit
1469 5700 1615 5766 Ethnieos
1630 5702 1788 5779 imitari,ut
1801 5719 1839 5766 eo
1854 5704 1946 5766 modu
1961 5700 2111 5766 Christia-

340 5781 401 5845 silti
416 5782 585 5845 sententias
605 5798 675 5845 esse
689 5802 726 5847 ex
742 5786 846 5848 uacuis
858 5789 887 5847 et
900 5784 1055 5847 erroribus
1081 5783 1197 5856 Basilii,
1245 5798 1305 5844 nos
1320 5782 1442 5847 lucilius
1458 5786 1591 5847 traberet
1605 5785 1641 5846 ad
1658 5784 1884 5865 paganismum.

340 5867 394 5945 qui
405 5880 460 5945 pro
476 5864 592 5927 tranare
608 5862 682 5925 tanti
696 5867 750 5929 riri
771 5867 923 5931 deberent
943 5866 1064 5930 silentiu
1080 5868 1153 5945 tegi:
1170 5872 1202 5929 et
1287 5864 1521 5947 Chrysustumus
1542 5867 1576 5937 in
1601 5866 1631 5928 2.
1644 5866 1785 5931 Thessal.
1800 5868 1832 5930 2.
1863 5868 1964 5941 Patet,
1993 5867 2107 5944 inquit,

342 5953 495 6011 adsuerat
511 5963 620 6026 parces
635 5954 666 6009 et
686 5946 852 6012 irritatores
868 5948 975 6019 Chora,
1005 5949 1057 6029 qui
1078 5948 1201 6024 Patrum
1243 5949 1785 6027 auodnonemniaperepislotom
1805 5951 2003 6015 tradiderint
2024 5952 2107 6028 apo·

343 6037 515 6093 nostrorum
531 6030 734 6111 turp²rudtnes
750 6031 1018 6096 denudamustton
1042 6032 1124 6095 enim
1140 6032 1203 6095 cxi·
1244 6032 1326 6109 steti,
1342 6034 1400 6097 sed
1420 6032 1525 6097 aruba
1537 6033 1607 6096 sinc
1622 6032 1733 6096 titeris.
1749 6034 1873 6099 Eadem
1886 6050 1961 6099 aero
1975 6033 2043 6112 {ide
2058 6034 2110 6095 di·

1314 6183 1318 6216 l
