4792 7009
416 585 470 645 aas
1021 529 1442 638 oneaaisrouanurona

695 713 815 782 carot
828 713 867 778 X.
1282 708 1357 805 ¹iarn
1373 723 1444 774 raro
1458 706 1583 806 tertium
1595 706 1709 806 delsini
1725 711 2022 806 argumentumillnd
2035 727 2108 784 erat:

504 841 886 922 rrrvoorroorrr
902 835 1038 902 trior
1250 791 2113 957 iiiii,lilitidllilititillidi}ti:

386 966 491 1046 Neque
506 968 683 1046 argumenta
700 961 813 1026 Galiini
831 962 917 1026 ratde
932 957 1096 1025 metuendo
1118 963 1202 1032 sant,
1250 962 1311 1022 tem
1326 958 1466 1024 subierit.

345 1065 414 1112 nam
431 1065 500 1112 cnm
516 1050 578 1112 ait:
602 1046 676 1127 quid
691 1061 770 1126 opus
791 1046 847 1107 tuit
871 1044 1061 1108 descendere
1079 1040 1203 1105 unicum
1261 1089 1265 1100 .
1290 1040 1351 1104 Sed
1365 1041 1564 1122 respondeus
1591 1040 1668 1106 nihil
1697 1039 1847 1124 impedire
1876 1044 2016 1110 meritum
2043 1065 2110 1130 pro·

343 1131 453 1196 Filium
468 1131 534 1207 bui,
550 1137 584 1194 ut
597 1130 658 1193 srbi
671 1130 846 1208 acquireret
858 1127 974 1206 aliquid
991 1123 1088 1188 norit
1249 1123 1350 1204 prium
1363 1139 1425 1204 quo
1437 1127 1540 1190 minue
1555 1125 1733 1190 ostendatur
1758 1125 1849 1188 ardor
1871 1128 2027 1194 claritatis
2056 1133 2108 1198 liei

384 1214 590 1295 despondeo:
605 1227 668 1276 non
684 1210 810 1290 eguisse
825 1209 880 1273 liei
895 1207 1006 1272 Filium
1019 1210 1080 1271 utta
1094 1221 1203 1281 re,rtec
1250 1222 1321 1286 erga
1337 1207 1492 1272 bomines.
1508 1209 1578 1272 itam
1594 1207 1734 1288 inprimis
1759 1206 1935 1288 Scripturas
1964 1217 1996 1276 ut
2017 1215 2108 1296 pluri·

344 1297 548 1362 descendisse
560 1302 593 1359 ut
603 1293 661 1358 sibi
675 1292 986 1372 aliquidacquirere13
1003 1308 1072 1354 nam
1083 1291 1134 1370 oiri
1148 1292 1203 1354 de·
1248 1305 1331 1352 mum
1346 1291 1496 1354 erinitum
1510 1291 1686 1356 charitatem
1702 1289 1755 1354 liei
1770 1289 1878 1358 Patris.
1905 1293 1956 1373 qui
1972 1296 2048 1360 nillil
2064 1300 2108 1362 lu·

343 1381 477 1456 scandit,
490 1381 573 1444 Deus
587 1378 654 1449 luit,
670 1391 733 1438 ooo
750 1377 950 1451 bomo,immo
960 1375 1019 1438 boc
1035 1375 1137 1456 ipsum
1147 1374 1200 1438 de·
1248 1372 1325 1434 orari
1341 1379 1473 1453 poterat,
1490 1373 1538 1438 to.
1552 1373 1582 1436 3.
1599 1373 1652 1438 Sia
1666 1372 1750 1436 berta
1765 1373 1881 1438 docco
1894 1380 2058 1444 mererium
2070 1389 2106 1445 att

341 1461 496 1526 scandere
510 1459 733 1525 luitbominem
746 1457 826 1532 deri,
856 1465 888 1522 et
900 1457 1039 1537 seipsum
1065 1456 1202 1524 exinani·
1246 1453 1369 1519 ditium
1381 1472 1480 1521 soum
1494 1463 1552 1522 etc.
1567 1457 1655 1522 llom.
1668 1454 1699 1520 il.
1722 1455 1858 1537 Proprie
1873 1457 1957 1524 Filio
1972 1477 2041 1527 aon
2052 1480 2107 1545 pe·

342 1559 389 1607 re.
401 1544 437 1607 tt
447 1553 609 1625 postquam
624 1541 840 1615 descenderat,
857 1547 889 1606 et
906 1539 1034 1603 termam
1048 1540 1131 1604 serti
1151 1556 1202 1603 ac·
1243 1539 1346 1618 parcit
1357 1543 1416 1602 etc.
2015 1570 2018 1578 ·

345 1633 481 1707 ceperat,
493 1624 608 1706 aliquid
623 1623 684 1687 sibi
699 1622 861 1703 acquisivit
881 1623 913 1686 in
928 1637 964 1686 ea
986 1623 1093 1702 torma,
1109 1639 1204 1704 quam
1285 1619 1403 1688 bande
1415 1621 1507 1686 etiam
1522 1621 1632 1688 ibristl
1648 1621 1777 1688 mxima
1806 1629 1934 1706 apparet
1958 1627 2101 1708 ebaritas,

344 1714 563 1788 assumerem,
580 1722 643 1770 non
658 1708 690 1768 in
705 1721 764 1783 ee,
781 1721 840 1786 qua
867 1705 1081 1772 descenderat.
1107 1705 1203 1772 Porro
1244 1701 1432 1784 sirespiolas
1447 1705 1580 1768 diuinam
1595 1707 1664 1787 aius
1680 1721 1856 1786 porsonam,
1885 1707 1934 1772 cui
1957 1711 2035 1774 nibil
2050 1729 2102 1778 ac·

343 1791 375 1854 in
391 1791 483 1854 torma
497 1790 575 1856 serri
590 1789 705 1869 aliquid
721 1788 749 1852 ei
765 1785 902 1852 daiuisse
915 1794 987 1853 aute
1001 1792 1199 1869 resurrectio·
1245 1786 1340 1850 cessit
1354 1786 1502 1864 utilitatis,
1527 1793 1558 1853 et
1572 1787 1754 1853 acalauius
1783 1788 1873 1852 nobis
1898 1794 2042 1874 proponit
2070 1796 2102 1860 2.

342 1889 427 1948 nam,
443 1876 514 1953 quis
528 1871 685 1954 ambigere
700 1871 824 1951 potest?
1245 1865 1315 1934 Cor.
1331 1868 1362 1932 8.
1379 1869 1484 1944 Scitis,
1508 1871 1619 1950 inquit,
1631 1871 1775 1951 protiom
1784 1870 1915 1936 Domini
1937 1879 2041 1942 moriri
2053 1878 2104 1942 Je-

380 1956 483 2020 llioes:
499 1955 593 2038 gioria
610 1956 748 2035 corporis
761 1952 970 2034 sequitnrper
990 1967 1025 2019 sa
1046 1967 1083 2017 ex
1104 1953 1200 2036 gloria
1245 1951 1423 2030 audomari,
1439 1954 1597 2034 quoniam
1614 1959 1746 2036 propter
1769 1969 1824 2018 oos
1850 1971 1972 2036 operare
1996 1961 2105 2040 sorim

338 2039 471 2117 animam
487 2044 517 2100 ut
530 2037 735 2102 accessorium
753 2053 815 2100 ooo
835 2035 916 2099 cadit
930 2036 989 2100 sub
1004 2035 1157 2113 meritum.
1245 2037 1307 2110 osi,
1347 2050 1421 2098 eam
1437 2041 1515 2098 aeret
1531 2037 1631 2100 diaes.
1647 2036 1684 2100 iit
1698 2035 1809 2118 Philip.
1824 2037 1855 2102 2.
1875 2039 1955 2106 Cum
1979 2044 2018 2108 irt
2036 2047 2104 2126 ior·

381 2121 566 2202 despondeo
577 2118 859 2202 inprimiszploriam
875 2118 1013 2198 corporis
1027 2134 1087 2182 aon
1102 2118 1200 2183 rideri
1243 2131 1299 2178 ιιιιι
1310 2117 1367 2180 lici
1380 2122 1459 2182 essct
1472 2120 1678 2200 semetipsam
1689 2121 1872 2184 eminoeioit
1886 2132 1944 2188 eie.

341 2203 483 2267 absolute
496 2203 711 2279 accessorium,
728 2218 797 2264 narn
813 2201 952 2281 sequitur
966 2215 1002 2265 er
1026 2201 1120 2282 gloria
1133 2203 1206 2265 aui··
1283 2198 1423 2280 Denique
1439 2201 1530 2264 etiam
1545 2200 1655 2265 Christi
1671 2201 1803 2266 bominis
1818 2213 1944 2284 apparet
1971 2210 2102 2276 maxima

339 2302 407 2349 maa
423 2286 594 2350 secundam
612 2286 665 2350 bei
680 2283 989 2358 determinationem,
1016 2289 1051 2348 et
1075 2285 1198 2350 merito·
1242 2279 1385 2358 ebaritas,
1402 2283 1452 2364 qui
1467 2284 1666 2365 poteratipse
1683 2285 1751 2350 sine
1777 2289 1920 2366 passione
1947 2299 1978 2356 et
2004 2303 2104 2360 morte

336 2384 404 2431 rum
420 2370 663 2450 congruentiam
691 2367 775 2430 Deus
798 2367 884 2431 euim
910 2367 1015 2444 soluit,
1044 2371 1078 2430 ut
1102 2366 1199 2448 gloria
1241 2378 1298 2458 per
1311 2365 1388 2428 alios
1402 2372 1487 2430 aolus
1503 2367 1613 2430 mereri
1629 2367 1688 2432 sibi
1700 2369 1826 2449 gloriam
1840 2375 1990 2453 corporis,
2004 2384 2034 2440 et
2047 2394 2103 2442 no·

335 2451 457 2515 atrimae
467 2453 656 2515 redundaret
668 2449 699 2512 in
714 2465 839 2530 corpus,
854 2448 924 2529 quia
953 2449 1048 2530 gioria
1078 2449 1200 2514 animae
1240 2446 1333 2512 minis
1347 2449 1571 2537 exaultationem:
1588 2455 1618 2512 et
1632 2455 1733 2515 tamen
1759 2455 1835 2517 mori
1862 2457 1966 2534 voluit,
1992 2466 2022 2524 et
2044 2479 2103 2540 pro

337 2535 504 2614 aequiritur
517 2551 572 2614 per
585 2541 672 2598 actus
686 2534 817 2604 animae,
832 2532 886 2614 qui
913 2531 945 2594 in
961 2547 1089 2612 corpore
1111 2548 1196 2596 orer·
1241 2528 1474 2608 inimicismori,
1500 2537 1533 2594 ui
1548 2533 1671 2613 eopiosa
1697 2541 1779 2600 esset
1808 2538 1990 2620 redemptio.
2008 2538 2098 2618 Quod

337 2624 470 2695 ceatur3
499 2624 531 2680 et
557 2617 628 2680 ideo
655 2621 715 2678 tam
730 2613 971 2695 ploriaanimae,
994 2631 1084 2696 quam
1099 2615 1196 2695 gloria
1240 2619 1340 2674 autem
1356 2611 1493 2678 Christus
1508 2631 1569 2678 non
1584 2615 1632 2678 ard
1648 2619 1772 2682 omnino
1801 2619 1914 2686 obiitus
1941 2623 2040 2702 tuerit,
2066 2638 2102 2693 ut

337 2699 474 2778 corporis
488 2699 569 2762 cadit
582 2700 641 2763 sub
656 2698 809 2762 meritam.
826 2697 944 2762 beinde
957 2698 1030 2778 quid
1039 2697 1195 2778 prolibat,
1240 2690 1380 2757 Calvinus
1395 2696 1478 2772 dicit,
1496 2703 1578 2777 patet
1593 2713 1631 2761 ex
1645 2699 1745 2764 verbis
1761 2703 1822 2765 illis
1850 2703 1898 2769 Jo.
1926 2706 1975 2770 ti.
1996 2707 2099 2776 Clari·

336 2780 369 2844 id
382 2797 445 2861 quo
459 2783 663 2846 aceesmrium
678 2785 726 2844 ast
739 2780 849 2843 radere
863 2780 922 2842 sub
937 2781 1104 2843 maritumi
1117 2781 1194 2860 Etsi,
1237 2773 1301 2855 fico
1313 2793 1365 2842 me
1376 2777 1472 2844 Peter
1485 2781 1631 2846 ctoritate
1642 2799 1743 2864 qaum
1766 2785 1868 2849 babai
1882 2791 1973 2868 upari
1988 2796 2017 2854 te
2032 2801 2095 2858 eto.

336 2863 419 2927 enim
430 2862 494 2946 jam
509 2864 645 2930 debitum
660 2869 708 2928 est
719 2864 835 2924 ratione
849 2862 919 2943 ejus
944 2862 992 2926 cut
1006 2863 1136 2927 recedit:
1153 2872 1195 2928 ra.
1239 2858 1294 2922 ilbi
1309 2861 1467 2940 postulata
1482 2863 1545 2928 lieo
1559 2865 1687 2946 gloriam
1699 2871 1981 2948 resurrectionis,at
1995 2879 2097 2940 nomi·

336 2962 407 3009 man
422 2953 523 3028 potest
535 2947 626 3011 eiiam
640 2950 751 3013 cadere
764 2945 823 3008 aab
837 2945 1025 3022 meritum,ut
1045 2949 1105 3010 atio
1119 2965 1195 3026 ‹puo-
1238 2943 1288 3037 ois
1316 2943 1540 3024 exaltationem,
1570 2953 1603 3010 ui
1627 2951 1753 3030 exponit
1776 2967 1814 3016 eo
1838 2957 1908 3018 loeo
1935 2973 1963 3020 s.
1990 2957 2096 3040 dagn-

335 3029 406 3092 dam
421 3029 507 3093 tituto
521 3030 680 3096 debeatur.
696 3029 795 3106 Quare
805 3028 878 3091 licet
891 3027 1048 3103 fateamur,
1060 3030 1194 3096 debitam
1237 3029 1348 3090 straus.

334 3113 430 3176 inissa
445 3111 564 3177 Christo
577 3111 703 3195 gloriam
718 3112 868 3192 corporis,
884 3112 1002 3175 etiamsi
1012 3129 1070 3192 pro
1084 3130 1119 3177 aa
1132 3131 1194 3178 nan
1254 3187 1261 3202 ὑ
1278 3108 1499 3190 Argumentum
1514 3117 1701 3194 postremum
1717 3113 1793 3180 illud
1809 3118 1876 3182 luit:
1902 3121 2015 3200 quibus
2029 3141 2098 3190 me·

336 3195 526 3260 laborasset:
552 3203 654 3260 umen
682 3193 754 3275 qula
782 3194 865 3274 qnod
890 3192 1020 3257 debatur
1044 3212 1105 3260 ano
1129 3213 1198 3261 me·
1236 3190 1303 3254 ritis
1316 3194 1441 3273 assequi
1457 3196 1554 3275 potnit
1576 3197 1678 3273 bomo,
1696 3205 1728 3261 ut
1744 3199 1840 3278 judex
1865 3211 1950 3267 esset
1974 3209 2096 3284 mundi,

336 3279 388 3350 do,
404 3284 504 3358 potest
528 3279 635 3343 deberi
659 3278 750 3344 etiam
777 3277 838 3340 atio
862 3277 976 3354 modo;
1002 3276 1073 3342 ideo
1099 3280 1195 3343 rolutt
1238 3279 1268 3338 et
1282 3268 1373 3354 capul
1401 3277 1697 3360 angelommatoue
1712 3289 1876 3348 utsummo
1890 3285 1945 3350 liei
1961 3286 2094 3370 imperio

337 3359 431 3435 lleus,
447 3361 586 3441 utgloria
601 3359 740 3443 corporis
763 3359 928 3424 deberetur
955 3357 1074 3424 cbristo
1101 3364 1195 3426 etiarn
1238 3358 1505 3454 {retinebantque
1519 3361 1550 3424 in
1565 3377 1602 3425 eo
1614 3364 1764 3428 resideret
1785 3368 1932 3449 majestas
1946 3370 2008 3446 illa,
2037 3391 2093 3438 cu·

334 3443 406 3524 jore
417 3444 543 3523 praemii
560 3460 596 3507 ae
610 3441 774 3508 mercedis.
1233 3455 1285 3521 Jus
1301 3441 1495 3505 millesimam
1510 3449 1627 3523 partem
1643 3453 1772 3512 canabe
1797 3449 1955 3516 bominum
1980 3459 2011 3520 et
2038 3473 2096 3520 en·

374 3524 506 3588 literam
519 3524 632 3590 calvini
645 3529 857 3608 argumentum
872 3523 1049 3590 sumebatur
1062 3540 1101 3590 er
1112 3527 1192 3592 locis
1237 3523 1374 3604 pelorum
1391 3526 1515 3590 uirtutes
1530 3527 1678 3608 attingere
1694 3533 1868 3610 nequeunti

334 3607 524 3686 ubidicitur,
541 3607 679 3672 cbristus
692 3625 750 3691 pro
765 3607 855 3672 nobis
866 3607 1023 3672 laborasse
1036 3625 1136 3686 usone
1151 3611 1192 3674 ad
1279 3605 1338 3669 Sed
1355 3606 1451 3670 tacitis
1465 3608 1576 3672 solutio
1591 3615 1648 3674 est.
1665 3611 1729 3675 Noa
1747 3615 1827 3678 enim
1844 3617 2096 3694 docemuschri·

334 3695 464 3754 mortem
478 3691 613 3755 ιιοιιι.8.
628 3692 764 3772 Propria
789 3690 1197 3787 l'ituioraorrpcpercimed
1236 3693 1315 3751 sium
1344 3689 1409 3753 suis
1424 3691 1584 3756 meritisid
1599 3702 1810 3790 assequutum,
1841 3706 1873 3763 ut
1897 3708 1981 3766 esset
2001 3713 2095 3785 caput

335 3772 1192 3922 tdtfldiitilditdilildiidtidf
1235 3772 1618 3950 litliilrtiiltit
1631 3775 1846 3927 litabit?
1866 3790 2094 3934 illidit:

335 3937 458 4004 Proca
473 3939 706 4020 eposnmctifico
716 3939 886 4019 meiprmn.
1237 3944 1361 4013 ruisset,
1390 3939 1535 4003 unionem
1560 3941 1780 4022 hypostaticam
1806 3949 1981 4026 meruisset,
2008 3955 2092 4032 quod

368 4021 560 4102 ¹liaspondeo
573 4024 716 4103 primum:
732 4025 765 4087 in
780 4023 864 4086 nullo
879 4024 987 4085 borum
997 4022 1133 4086 iocorum
1148 4025 1192 4087 le·
1237 4020 1426 4100 Augustinus
1440 4028 1545 4102 aperte
1559 4028 1651 4104 negat
1664 4025 1719 4088 lib.
1745 4027 1785 4091 de
1808 4031 1974 4112 praedesti⁸
1986 4033 2089 4100 Senot.

336 4103 508 4184 gipropter
521 4121 578 4168 nos
591 4113 705 4168 lantum
717 4106 869 4170 christum
884 4105 1051 4181 laborasse,
1062 4105 1192 4185 proinde
1237 4118 1304 4179 cap.
1323 4103 1372 4167 l5.
1388 4109 1418 4168 el
1430 4121 1486 4168 nos
1502 4107 1593 4168 otiam
1608 4108 1697 4185 paulo
1711 4115 1781 4174 ante
1796 4114 2006 4192 negarimnss

336 4187 414 4250 baec
427 4188 527 4250 omnia
545 4187 620 4251 nibil
634 4189 715 4252 aliud
731 4188 863 4265 eilleera,
873 4203 962 4269 quam
976 4187 1065 4252 uobis
1080 4187 1191 4252 Christi
1277 4183 1381 4278 lfforro,
1398 4194 1429 4250 ut
1439 4185 1535 4271 judex
1549 4194 1633 4250 esset
1644 4193 1760 4268 mundi,
1776 4191 1864 4257 tacite
1874 4193 2013 4263 Christus
2024 4213 2092 4266 me·

335 4268 636 4350 ldbolesploftltsse,
664 4272 746 4352 quod
775 4269 900 4335 minime
924 4287 1084 4351 negamus,
1106 4273 1191 4335 Addo
1237 4269 1502 4348 rempotuii:u'am
1517 4269 1626 4336 Christi
1643 4273 2087 4346 melibtsillttllltlissenlstil·

334 4351 460 4416 deinde:
472 4353 505 4414 in
517 4353 566 4415 bis
578 4353 654 4416 tocis
669 4355 782 4417 auitam
797 4354 904 4416 luctam
919 4369 990 4417 esse
1005 4355 1192 4418 mentionem
1236 4347 1420 4414 botonis-sd
1436 4353 1505 4430 boc,
1521 4359 1555 4416 ut
1566 4353 1636 4433 ipse·
1647 4353 1733 4418 lleret
1744 4356 1840 4436 juder
1862 4363 1978 4439 mundi,
1995 4367 2093 4430 multo

335 4433 450 4514 gloriae
463 4433 561 4514 ipsius
576 4434 698 4508 Christi,
715 4438 801 4517 quasi
817 4443 940 4517 propter
952 4453 1009 4499 nos
1020 4442 1134 4500 tantum
1149 4438 1191 4510 la·
1237 4431 1339 4496 miurus
1350 4433 1479 4498 inissent
1493 4435 1674 4500 sufficientia
1700 4439 1736 4501 ad
1749 4442 2028 4510 reconciliationem
2045 4457 2090 4512 to·

334 4515 568 4599 boraseet,quia
594 4533 652 4580 nos
679 4518 792 4582 latrone
817 4535 924 4582 caussa
949 4519 1019 4583 sine
1045 4536 1103 4600 qua
1130 4533 1192 4582 oon
1238 4517 1298 4578 tius
1315 4517 1431 4596 mundi;
1447 4519 1545 4599 majus
1574 4520 1656 4583 enim
1681 4526 1712 4584 et
1735 4520 1898 4590 dilllciliue
1923 4530 1978 4591 luit
2002 4532 2095 4595 totius

333 4597 444 4663 luisset
458 4615 581 4681 passus3
597 4599 625 4666 si
639 4601 722 4664 enirn
742 4601 836 4664 ildam
850 4603 986 4666 stetisset
999 4602 1031 4664 io
1055 4619 1090 4666 ea
1106 4603 1192 4664 inno·
1237 4600 1342 4661 mundi
1359 4606 1482 4680 peecata
1498 4601 1631 4678 expiare,
1649 4619 1737 4684 qoem
1750 4609 1859 4668 mundi
1872 4609 2008 4690 iudicem
2022 4629 2096 4678 con·

332 4682 446 4756 centia,
461 4683 494 4746 ln
508 4699 565 4762 que
580 4683 725 4748 conditus
740 4685 848 4751 morat.
860 4684 929 4748 sine
943 4685 1131 4747 dubitatione
1146 4685 1191 4748 ni·
1237 4681 1331 4744 stilai:
1349 4689 1378 4746 et
1390 4689 1489 4746 tumeo
1513 4685 1541 4746 l.
1557 4683 1605 4746 ιο.
1624 4685 1654 4748 2.
1680 4684 1800 4762 dicitur,
1831 4687 1940 4756 Christi
1966 4698 2093 4777 sanguis

331 4764 361 4828 la
373 4767 427 4830 liei
442 4765 537 4828 Filius
551 4782 662 4847 passus
678 4783 738 4830 noo
754 4766 872 4835 luisset.
888 4766 1016 4830 tortasse
1030 4766 1121 4830 etiam
1134 4783 1191 4830 noc
1237 4779 1308 4828 osse
1324 4765 1495 4846 propitiatio
1510 4783 1565 4846 pro
1580 4768 1712 4846 peccatis
1740 4773 1864 4850 nostris,
1895 4782 1925 4837 et
1952 4793 2012 4842 nou
2038 4797 2094 4860 pro

331 4849 703 4995 ¹carruemlassampslsscg,
716 4850 827 5015 gilipse
838 4850 928 4914 etiam
945 4848 1086 4913 calvinus
1100 4850 1191 4913 docet
1237 4849 1349 4912 uostris
1365 4855 1490 4926 butum,
1507 4851 1560 4914 scd
1578 4852 1668 4914 otiam
1681 4867 1736 4932 pro
1751 4853 1844 4918 totius
1860 4859 1976 4924 mundi.

344 4932 386 4998 ιιι.
404 4932 435 4997 2.
466 4931 702 5015 nstlt.eap.l.
773 4979 782 4998 .

860 5318 953 5386 liirrie
966 5319 1128 5384 metandae
1145 5317 1382 5382 courrovrrstac
1394 5319 1553 5398 portaretis

832 5635 929 5702 ltus
957 5635 1061 5714 bed,
1089 5633 1307 5712 imottiiotin
1334 5633 1449 5698 mildi
1477 5637 1618 5702 stillata
