4792 7009
448 700 502 776 ano
1033 690 1431 760 nurnumornnriuca

379 834 527 899 mnndum
543 834 725 917 detornatam
741 837 882 904 scribam
896 832 1051 900 Eusebius
1060 830 1149 897 itha.
1164 839 1235 912 cap.
1282 830 1359 897 ntlla
1374 833 1466 897 anum
1480 836 1572 908 essct,
1585 836 1622 896 ut
1633 838 1792 915 regeretur
1807 833 1846 897 ab
1859 830 1923 896 uno
1947 828 1979 895 in
2005 833 2042 897 iis
2067 846 2153 913 quaa

377 920 409 982 i.
425 922 464 981 ne
480 919 649 984 nemanso.
666 937 773 1005 crong.
790 924 822 987 et
835 921 897 985 Leo
911 929 1007 983 scrut.
1021 914 1050 982 i.
1063 919 1106 981 tio
1122 917 1238 983 sanctis
1284 916 1321 978 ad
1338 916 1492 997 politicum
1522 914 1665 1002 culinam¹
1691 923 1842 995 spectant:
1869 921 1899 981 ot
1911 915 1969 979 hoc
1981 930 2084 997 oeque
2101 914 2145 977 la·

375 1002 630 1067 Petroctl’anlo.
722 1008 725 1014 ⁴
799 1012 803 1018 ’
1021 1051 1024 1059 ,
1224 1028 1226 1033 ·
1282 1004 1367 1061 otum
1379 1005 1588 1078 estnequam
1607 1012 1707 1078 noque
1734 1000 1858 1077 exponit
1885 1004 1918 1061 ut
1946 1000 2029 1061 eninr
2054 998 2148 1060 docet
2204 1060 2205 1067 χ

418 1084 491 1164 com
520 1085 613 1165 igilur
637 1085 721 1152 Dens
748 1092 843 1152 lutum
865 1084 929 1149 iero
957 1082 1065 1147 otham
1087 1087 1238 1145 lemarum
1283 1080 1472 1161 Augustinus
1489 1079 1592 1149 lihti.
1609 1082 1648 1143 de
1664 1078 1750 1145 citit.
1766 1080 1918 1159 lici,cap.
1942 1080 1992 1144 li.
2008 1080 2147 1143 Felicio·

367 1166 469 1230 uoins
484 1167 618 1231 hominis
633 1164 1167 1249 imperioprrcrerolueriuournoo
1184 1180 1238 1243 po·
1282 1164 1373 1229 tilius
1392 1164 1439 1229 cic
1466 1163 1563 1228 ochoi
1591 1160 1755 1237 humanis,
1786 1166 1898 1228 omnio
1911 1180 2016 1243 reptio
2040 1168 2148 1228 morit

377 1252 433 1314 luit
446 1249 715 1315 atiamhcelosiim
732 1254 904 1316 nniversam
917 1249 1009 1311 uoins
1021 1244 1155 1310 huminis
1166 1260 1239 1325 pra·
1282 1251 1447 1329 patainei
1462 1241 1615 1310 comoros·
1627 1246 1793 1310 oioioitctc
1805 1248 1976 1311 miamin.

376 1330 1239 1413 donnas'acsolicitudioicommendarelpraesartimcum
1326 1330 1526 1410 Respondent·
1542 1344 1603 1392 oon
1620 1329 1846 1395 essceamdem
1859 1330 2006 1392 rationem
2026 1328 2147 1409 politici

380 1414 985 1497 inciliorsitgnhemoiioecclcslasticm
1006 1411 1239 1495 quampolitiot
1284 1410 1533 1477 eteoclesiaslici
1559 1412 1730 1493 regiminis.
1753 1411 1912 1494 Siquidem
1937 1410 2022 1475 orhis
2051 1419 2148 1473 lorra-

375 1507 409 1559 ct
423 1512 514 1578 rages
528 1499 573 1558 illi
586 1512 648 1559 uon
664 1500 721 1562 nlla
736 1500 892 1579 praesidia
906 1498 1168 1575 haherent‚qunm
1182 1494 1238 1557 hn-
1284 1508 1353 1560 rum
1370 1510 1431 1558 non
1447 1494 1624 1558 necessario
1654 1493 1760 1558 nehel*
1774 1509 1844 1559 essa
1853 1508 1970 1639 snum
1998 1509 2143 1574 reguurm

378 1594 498 1643 mariam
510 1579 702 1658 prudentiam
714 1580 992 1663 otgcueralomllci
1005 1576 1239 1660 providentium:
1285 1578 1413 1659 proinde
1429 1592 1490 1641 uon
1507 1579 1684 1640 necessario
1700 1577 1833 1657 postolat
1875 1593 1948 1639 num
1978 1576 2032 1657 qni
2048 1576 2148 1638 omni·

378 1661 516 1743 pontifex
529 1668 632 1725 autem
647 1671 753 1727 nostor
764 1664 874 1727 hahent
888 1661 1120 1741 supornalurale
1134 1661 1240 1723 lumen
1285 1660 1345 1724 hus
1360 1658 1485 1740 procsic
1502 1658 1693 1724 rancalesto
1718 1664 1777 1724 toto
1807 1676 1904 1722 unum
1933 1664 1980 1723 ost
2001 1674 2146 1739 regnum,

379 1744 477 1818 Fidei,
489 1743 664 1823 Scripturas
678 1760 794 1823 sacrm,
819 1746 966 1808 coelestin
991 1749 1192 1819 sacramenta,
1208 1748 1241 1806 et
1284 1758 1345 1806 una
1357 1740 1505 1819 citimus,
1522 1759 1582 1805 una
1596 1742 1718 1818 domus,
1735 1752 1765 1806 ct
1779 1742 1852 1807 ideo
1864 1742 1902 1807 ab
1914 1756 1976 1809 uno
2002 1748 2062 1804 tota
2078 1742 2146 1819 regi

381 1826 596 1908 particularem
612 1827 707 1891 diuini
722 1830 854 1911 Spiritus
869 1828 1086 1890 assistentiam.
1285 1826 1388 1889 nebel.
1414 1823 1507 1906 Cujus
1538 1823 1728 1889 differeulinc
1754 1828 1868 1895 illaesi
1894 1824 1980 1896 ratio,
2007 1822 2092 1904 quod
2109 1823 2148 1885 ad

418 1909 517 1985 hdie,
532 1910 615 1989 qnod
631 1911 723 1991 longe
739 1908 891 1976 dilllcilior
912 1916 958 1973 cst
973 1907 1149 1972 dimocratia
1167 1952 1176 1978 ‚
1191 1906 1241 1970 nel
1284 1913 1547 1971 conseruationem
1561 1906 1755 1987 politicorum
1770 1924 1933 1988 regnorum
1956 1920 2019 1969 non
2034 1921 2148 1969 oeces-

377 1990 570 2055 aristocratia
590 1991 622 2053 in
636 1992 883 2071 aeclesiarum
898 1992 1087 2055 monarchia.
1100 1990 1179 2053 llum
1194 1990 1240 2052 ‹li-
1286 1992 1367 2055 snrio
1382 1991 1564 2073 requiratur,
1579 1999 1610 2055 ul
1626 2006 1734 2057 omnes
1749 1990 1924 2073 prouinciae
1939 1994 2066 2052 seruent
2080 2004 2148 2052 eas·

380 2072 696 2146 mooralia'llcolesiao
710 2091 774 2139 non
787 2076 858 2138 tulis
872 2083 957 2139 essm
976 2075 1079 2155 qualis
1105 2080 1171 2135 crat
1185 2072 1242 2136 lio
1283 2076 1357 2137 deni
1370 2073 1469 2153 tages,
1484 2079 1515 2137 ot
1529 2073 1655 2137 eosdem
1669 2074 1757 2139 ritus:
1773 2079 1902 2155 possunt
1917 2070 2000 2135 enim
2021 2084 2080 2152 pro
2102 2072 2153 2133 loe

380 2172 543 2219 manorum
573 2158 622 2217 acl
643 2157 898 2234 Atheniensium,
930 2158 981 2221 uhi
1015 2156 1074 2220 soli
1105 2155 1242 2218 domina·
1286 2172 1392 2239 corum
1402 2162 1438 2219 et
1450 2169 1651 2235 personarum
1665 2158 1808 2223 rauclate
1821 2155 1952 2221 divorsis
1964 2153 2009 2217 uli
2023 2153 2147 2234 legihm

378 2239 493 2309 henim
507 2239 755 2303 hominesnnins
768 2240 909 2317 ciuitatis,
936 2240 988 2320 qui
1003 2254 1066 2301 non
1079 2236 1243 2301 nillicultcr
1287 2246 1317 2303 et
1332 2240 1489 2315 institutis3
1503 2244 1533 2302 ct
1544 2239 1659 2305 idcirco
1670 2256 1732 2305 non
1748 2238 1913 2321 requiritur
1928 2252 2021 2312 unas,
2039 2237 2095 2314 uui
2117 2252 2148 2299 o

381 2321 415 2384 in
429 2336 526 2384 unum
537 2323 715 2398 convenire,
731 2328 762 2386 et
775 2318 814 2385 ot
829 2323 914 2403 plura
938 2320 1081 2401 sullrngia
1110 2327 1243 2383 sulcare
1286 2317 1375 2385 mnes
1399 2320 1431 2385 io
1447 2322 1562 2386 unitate
1576 2322 1743 2387 contineat.
1759 2324 1800 2386 ho
1816 2319 2081 2409 conservatipnam
2098 2335 2148 2383 re·

378 2410 531 2485 poteraut,
547 2404 697 2483 qudquid
713 2405 866 2468 uolebant:
895 2405 927 2465 in
942 2404 1077 2469 ncctcsiu
1105 2404 1189 2465 enim
1214 2404 1241 2467 si
1287 2422 1320 2469 ro
1347 2404 1501 2468 acclesiae
1513 2415 1643 2469 necesso
1659 2412 1717 2483 ost,
1734 2412 1767 2469 nt
1781 2418 1890 2468 omues
1910 2402 2095 2466 convenient
2120 2401 2151 2464 in

378 2485 736 2631 populariffiornntio
751 2495 846 2562 assat,
860 2504 967 2550 omues
981 2485 1244 2551 chrisnonitotius
1283 2487 1394 2552 eadam
1408 2486 1480 2561 ilde,
1507 2486 1622 2567 jisdnm
1632 2488 1842 2561 sacramentis,
1857 2486 2033 2566 jisilomque
2064 2500 2152 2564 prac-
2204 2500 2205 2569 ᾗ

378 2568 521 2633 mundis
602 2568 882 2651 giijusliohercnt3
912 2570 981 2649 quis
1006 2576 1107 2631 autom
1135 2575 1243 2649 posset
1287 2569 1387 2651 captis
1407 2570 1794 2649 divinitustratlitis,onod
1817 2566 1973 2633 sanciati
2001 2582 2067 2631 non
2095 2583 2150 2647 po·

380 2665 571 2731 congregare
586 2666 696 2715 omnes
710 2650 900 2715 christianos
916 2654 953 2716 an
968 2651 1083 2732 aliquio
1109 2666 1246 2715 commu·
1287 2660 1359 2720 test.
1384 2652 1445 2715 nisi
1460 2652 1522 2715 sint
1536 2668 1618 2718 unus
1632 2655 1777 2735 populus,
1794 2656 1825 2717 ol
1838 2652 1877 2716 ab
1890 2648 1955 2714 uon
1983 2650 2017 2712 iu
2032 2649 2150 2714 nouato

375 2749 421 2797 no
436 2734 490 2796 toti
503 2733 889 2799 nortosiucstotocoonml
1229 2768 1231 2773 ,
1290 2736 1514 2800 contineantur.

421 2816 488 2879 Pari
503 2816 622 2879 ratione
637 2816 822 2880 aristocratia
838 2818 997 2881 Ecclesiae
1018 2830 1081 2879 non
1106 2822 1189 2879 esset
1204 2820 1246 2878 ln·
1330 2818 1434 2881 Utrum
1446 2825 1551 2881 anum
1565 2817 1731 2898 expoliret,
1749 2832 1857 2881 omnes
1871 2814 2044 2895 provincias
2060 2830 2151 2878 mun·

378 2896 436 2976 lis,
453 2898 552 2978 qualis
566 2913 650 2962 nunc
665 2909 713 2963 cst
723 2899 918 2976 Venetorum,
935 2902 966 2963 in
981 2914 1040 2980 qua
1063 2899 1120 2961 soll
1136 2900 1247 2978 patritii
1291 2901 1369 2965 dieb
1381 2916 1570 2965 nonsummo
1584 2916 1659 2981 rege
1671 2902 1834 2981 gubernari
1846 2900 1877 2961 in
1894 2898 1987 2961 rohos
1997 2898 2151 2979 politicis,
2204 2972 2205 2981 χ

386 2980 480 3044 unius
494 2980 582 3045 urhis
596 2982 801 3060 nominantur,
823 2985 877 3063 qni
903 2984 992 3047 laclia
1020 2984 1201 3063 congregari
1217 2989 1247 3047 ot
1292 2985 1429 3065 quamvis
1445 2984 1474 3047 in
1486 2998 1550 3046 non
1562 2983 1601 3046 sit
1613 3000 1755 3057 neccsse,
1772 2987 1879 3063 posset
1907 2994 1978 3045 essa
1992 2980 2150 3060 quaestio.
2204 2994 2205 3009 ¹

386 3062 700 3145 icoamarcpossout
725 3067 806 3145 quoti
834 3068 952 3129 nolunt:
982 3065 1038 3128 scal
1066 3074 1151 3128 essct
1177 3066 1247 3131 talis
1291 3066 1368 3131 itini
1379 3062 1481 3129 lamen
1494 3064 1619 3129 omnino
1634 3068 1778 3146 expedire
1790 3066 1921 3140 sinetur,
1948 3064 2089 3143 sipossit
2109 3078 2150 3127 eo
2204 3076 2205 3079 ’

388 3147 487 3226 qualis
503 3162 660 3226 nunqnam
674 3146 740 3226 lnil3
751 3148 785 3209 in
799 3164 859 3228 qua
875 3148 1018 3211 uidelicet
1031 3162 1139 3210 omncs
1155 3146 1248 3228 mogi·
1292 3150 1442 3231 perveniri
1458 3149 1526 3212 sine
1540 3148 1686 3229 injustitia
1702 3156 1732 3213 et
1747 3148 1870 3212 bellicis
1891 3146 2042 3209 cladibus:
2059 3160 2152 3225 pran-

382 3234 499 3292 stnatns
515 3228 606 3291 totius
621 3229 740 3303 mundi,
756 3230 968 3303 incst.omncs
981 3230 1120 3309 episcopi
1136 3237 1167 3294 ct
1179 3246 1246 3311 pro·
1292 3234 1396 3298 sertim
1412 3232 1438 3295 si
1451 3245 1589 3297 summus
1603 3232 1768 3295 monarcha
1787 3230 1848 3293 suh
1875 3244 1910 3293 sc
1938 3229 2068 3292 haberet
2082 3244 2150 3291 nou

387 3312 503 3393 maten
517 3311 612 3374 totius
627 3311 712 3374 orhis
726 3312 885 3375 christiani
905 3316 1033 3395 aequale
1055 3312 1108 3393 jus
1136 3313 1246 3395 puber·
1291 3316 1465 3379 sicarios-ct
1485 3328 1643 3397 prorcges¹
1657 3316 1713 3378 scil
1725 3328 1815 3379 raros
1830 3312 1999 3392 principes,
2014 3324 2148 3389 quomo·

386 3394 787 3472 nononishshercotquos
803 3394 895 3458 eiiam
909 3408 1108 3477 congregare,
1131 3392 1248 3458 antdii·
1293 3398 1483 3463 dosnmmns
1506 3396 1763 3477 pontilaxsuhsc
1779 3395 2065 3475 hohetepisaonos.
2204 3404 2205 3407 ’

379 3475 571 3551 liciniorum,
587 3483 639 3539 ant
655 3477 847 3556 impossihile
861 3478 929 3542 sino
943 3478 1091 3560 miraculo
1110 3484 1207 3542 asset.
1231 3498 1233 3505 ⁴
1335 3480 1411 3555 Quia
1428 3488 1527 3543 tanton
1545 3494 1605 3541 nou
1620 3479 1740 3544 ridetur
1753 3494 1847 3559 posse
1862 3476 1928 3540 lieri
1945 3476 2012 3540 talis
2027 3488 2152 3537 monor-⁴

429 3558 686 3638 Ohjcclioquinta
701 3558 770 3639 ejus
785 3560 883 3623 lihelli
898 3569 955 3639 est,
975 3572 1068 3641 quem
1083 3562 1122 3624 de
1138 3563 1249 3640 prima·
1291 3563 1372 3641 ciria,
1390 3564 1448 3627 uisi
1462 3562 1576 3625 adibito
1590 3576 1700 3643 magna
1728 3562 1756 3625 ii
1780 3566 1812 3626 ot
1836 3560 1938 3623 multis
1964 3574 2001 3621 aa
2029 3558 2153 3637 magnis

386 3650 421 3705 iu
433 3656 533 3721 papae
548 3642 581 3705 in
595 3641 719 3723 synodo
734 3642 975 3712 smalchalhaica
1007 3645 1168 3707 lutherani
1182 3644 1248 3707 eni·
1292 3645 1398 3724 hellis3
1416 3646 1485 3708 ineo
1495 3650 1579 3708 recle
1590 3644 1905 3726 hhugnstinusdloit,
1918 3640 2072 3707 icliniorcs
2087 3640 2154 3703 iore

389 3724 511 3786 derurrt.
529 3724 652 3799 Paulus,
667 3723 822 3801 inquiunt,
839 3727 869 3789 l.
886 3726 952 3791 Cor.
982 3727 1014 3790 3.
1036 3728 1194 3790 ministros
1212 3740 1247 3789 n·
1292 3744 1344 3793 res
1357 3730 1515 3799 hnmanasc
1531 3728 1558 3789 si
1573 3736 1679 3791 esseut
1699 3728 1814 3807 ubique
1839 3740 1929 3807 paria
1958 3738 2052 3803 regna
2076 3738 2153 3784 con·
2204 3764 2205 3811 3

387 3817 479 3869 mnes
494 3811 653 3889 omont,
669 3811 701 3868 et
713 3806 883 3870 Ecclesiam
898 3825 993 3889 snper
1004 3809 1161 3872 ministros
1173 3824 1245 3872 csse
1285 3813 1375 3876 cordi
1387 3812 1542 3875 ‘ihiuilnlc
1557 3810 1711 3886 lactantia,
1729 3825 1821 3888 marn
1834 3810 1860 3871 si
1872 3806 2086 3887 uuusquisque
2103 3818 2152 3867 re·

384 3893 493 3960 aloem,
509 3904 580 3951 cnm
594 3889 648 3951 aits
664 3890 766 3952 omniu
780 3900 877 3954 nostra
893 3898 975 3969 sont,
991 3893 1056 3956 siae
1071 3890 1193 3966 Paulos,
1206 3890 1248 3955 si·
1289 3912 1365 3976 pum
1382 3894 1537 3975 perisset
1551 3892 1637 3957 ucles
1652 3893 1813 3971 imperinm
1829 3907 1919 3954 suum
1935 3886 2104 3953 extendere
2120 3890 2153 3948 et

391 3986 427 4033 re
443 3971 566 4049 Apollo,
582 3971 645 4033 sire
661 3969 792 4050 Cophos.
895 3988 902 4013 1
949 4005 953 4009 ⁴
1191 4000 1197 4009 1
1315 3971 2152 4057 reponarecoriiondnt.htldc,quodalogustiuuspro-

431 4053 627 4146 licspandao:
643 4068 691 4117 me
708 4070 769 4116 noo
783 4069 856 4119 essa
882 4063 943 4119 inm
971 4062 1105 4134 nontam,
1129 4062 1162 4119 ut
1187 4057 1246 4118 lim
1289 3995 1345 4123 gap
1359 4060 1481 4141 quidem
1495 4074 1583 4139 porra
1596 4058 1768 4139 regnosco
1785 4072 1847 4120 non
1863 4063 1953 4136 negat
1968 4053 2043 4116 uile
2069 4051 2151 4113 lutu-

387 4136 486 4216 horos
496 4136 670 4215 argumenti
683 4137 862 4217 percipiam.
885 4136 958 4203 Nam
972 4142 999 4203 si
1013 4149 1176 4223 propterca
1190 4152 1242 4203 aa·
1289 4158 1372 4215 rum,
1385 4143 1411 4205 si
1425 4142 1526 4223 porris
1538 4142 1605 4204 istis
1620 4140 1745 4221 regibus
1761 4154 1841 4202 unus
1869 4136 1980 4215 aliquis
2010 4150 2152 4198 summus

391 4229 558 4297 aequantur
588 4218 730 4296 ministri,
758 4222 828 4300 qnia
843 4223 936 4286 smol
951 4229 1159 4298 numerantur,
1177 4235 1247 4284 cum
1294 4224 1460 4304 impertior
1474 4222 1676 4305 praesiccam
1692 4222 1794 4306 polius
1809 4222 1840 4283 id
1857 4218 2006 4282 affirmare
2017 4216 2150 4291 ridetur,

390 4299 582 4373 dicitursiic
595 4301 719 4377 Paulus,
730 4301 992 4383 cicatricosam
1009 4304 1140 4385 Gephas:
1157 4320 1247 4386 pares
1292 4324 1365 4371 curn
1380 4309 1525 4386 stiparis
1538 4302 1589 4367 ille
1601 4320 1696 4384 regna
1712 4304 1857 4368 macardi
1869 4302 2020 4365 uicinilalc
2035 4299 2153 4361 halam

392 4399 516 4463 quoquo
531 4390 622 4447 erunt
636 4385 745 4456 duces,
759 4390 917 4453 consules.
940 4389 1153 4467 imperatores,
1176 4384 1247 4468 quin
1295 4391 1337 4452 tir
1349 4402 1422 4452 csso
1436 4388 1564 4461 uehere
1581 4387 1839 4467 quemadmodum
1854 4386 1969 4448 multoc
1983 4384 2095 4445 domus
2116 4397 2152 4443 sc

397 4464 632 4545 chrisostomus
643 4466 727 4529 hom.
744 4466 829 4530 Stin
840 4466 1000 4533 llutthuit:
1016 4470 1138 4534 Sirium
1160 4468 1248 4549 qun·
1292 4472 1451 4535 haheutin
1467 4472 1596 4534 ciuitate:
1611 4474 1946 4544 oonslatauim‚unnm
1971 4480 2043 4530 osso
2057 4463 2153 4527 cuin·

392 4549 486 4632 pium
500 4567 510 4623 ·‚
526 4548 693 4623 occinui,
718 4551 788 4613 riis
801 4554 1060 4631 quintodecimo
1081 4560 1223 4617 ametor
1240 4599 1247 4627 ,
1290 4566 1384 4618 moos
1395 4554 1506 4617 domus
1521 4558 1640 4634 parent,
1657 4554 1776 4616 unichi
1800 4550 1957 4632 qmohhct
1977 4564 2068 4615 soum
2083 4560 2153 4627 pro·

389 4631 529 4710 incipite
543 4633 652 4706 nicol,
668 4630 820 4696 coltihcct
833 4636 942 4699 werce
957 4642 1013 4699 clo.
1025 4635 1130 4717 Neque
1144 4634 1247 4715 sequi·
1291 4636 1395 4721 prium
1411 4636 1522 4702 haheat
1535 4633 1752 4718 patrcmlalias

398 4722 457 4789 tur,
473 4713 643 4776 Ecclesiam
658 4715 835 4780 auctoritato
850 4726 880 4779 et
895 4724 1131 4799 poteslaleesse
1156 4729 1249 4798 supra
1290 4746 1293 4753 ¹
1632 4742 1634 4748 ·
1744 4768 1746 4773 -
1772 4792 1773 4796 ¹

396 4796 565 4871 ministros,
582 4800 654 4878 qnia
668 4804 741 4860 sant
755 4799 884 4863 instituti
896 4808 1023 4882 propter
1041 4802 1200 4864 Ecclesiae
1215 4818 1248 4863 u⁴
1497 4822 1498 4825 ¹
1639 4796 1755 4865 clena
1775 4798 1814 4861 ll.

395 4879 545 4953 mitatem,
563 4880 646 4957 quod
661 4879 722 4942 illis
747 4880 851 4951 uerbis
870 4884 982 4947 Paulus
1003 4883 1185 4965 significarit
1210 4881 1246 4945 0·
1402 4912 1405 4917 ·
1668 4914 1673 4927 1

393 4964 486 5024 annin
512 4968 620 5025 omino
641 4965 864 5049 manzolinum
882 4973 914 5029 ot
930 4968 1028 5045 pueri
1055 4966 1250 5045 poedagogos
1295 4966 1492 5049 Proposito
1505 4968 1600 5031 tertio
1610 4964 1766 5047 quaestio,
1783 4962 1978 5043 ctprohutto·
1992 4959 2153 5023 Petrillo

396 5052 550 5122 regerent,
567 5052 598 5105 et
613 5039 1049 5128 popolirogibosanotoritatc
1061 5054 1251 5129 praestarent
1391 5049 1587 5115 nurchiueoc
1602 5049 1669 5111 ioco
1684 5043 2048 5126 compassionum.

396 5141 467 5206 qma
487 5130 560 5189 sumt
573 5128 876 5211 poedagogiproptcr
887 5145 1016 5213 pucros,
1031 5144 1168 5213 atropos
1179 5142 1252 5211 pro·
1629 5164 1631 5169 ·

398 5211 624 5288 lilii-limiti,
640 5220 829 5277 losswnltn·
1243 5242 1246 5251 ¹
1337 5213 1516 5296 Explicatur
1530 5220 1577 5276 est
1591 5212 1752 5290 hactenus,
1768 5216 1801 5276 el
1824 5210 1898 5274 satis
1923 5208 2099 5289 diligamur,
2121 5206 2153 5268 ai

391 5373 394 5376 Ι
439 5291 580 5372 tihjcotio
596 5300 680 5355 sexta
708 5296 800 5357 estin
829 5296 939 5360 eodem
967 5296 1084 5360 libello:
1115 5293 1253 5359 chrisum
1297 5296 1396 5373 nitor,
1411 5297 1584 5377 pronatum,
1598 5296 1802 5359 monarchiam
1818 5292 2050 5372 cssonptimum
2074 5288 2155 5368 rogi·

397 5388 504 5437 omues
525 5379 692 5455 apostolos,
711 5378 823 5455 pariter
846 5378 939 5452 misit,
955 5392 1028 5463 pum
1056 5377 1107 5455 ait,
1134 5374 1252 5439 soah
1296 5394 1382 5455 meu,
1400 5376 1937 5460 ctejosmooircgimenmlloeiasin
1959 5370 2156 5437 chrisimos

346 5474 349 5483 ·
397 5456 647 5535 Epounltooom
664 5474 724 5520 oon
747 5459 947 5541 igilurunum
972 5462 1102 5531 cacteris
1125 5472 1255 5541 praepo—
1296 5462 1645 5526 aehorefflestntnunc
1664 5459 1804 5541 quamtio
1823 5459 1923 5533 aornim
1942 5456 2036 5519 inerit
2059 5466 2096 5516 uo
2120 5468 2156 5514 a·

389 5545 471 5601 suit.
1173 5558 1176 5561 ·
1297 5544 1439 5627 postolos
1466 5544 1572 5608 Pauus
1587 5543 1847 5622 licolesiactntius
1862 5537 2156 5621 capntetpn'ooens

439 5620 636 5700 Respondent
656 5623 723 5689 illis
747 5625 851 5689 remis
874 5638 937 5691 non
958 5640 1034 5691 ‚csse
1062 5640 1157 5690 uniam
1186 5624 1256 5688 allis
1298 5632 1369 5691 loco
1385 5626 1494 5691 Christi
1509 5626 1547 5690 uh
1563 5627 1632 5707 ipso
1649 5624 1767 5688 cinisio
1782 5621 1992 5687 constitutus?

398 5704 618 5785 proeposilum
634 5706 690 5769 soil
706 5708 965 5773 nonoccssealia
993 5710 1069 5780 luca,
1093 5710 1256 5789 ouihosu·
1342 5707 1492 5773 haeretici
1504 5726 1626 5783 munos,
1643 5706 2005 5787 quosiuinocitouinos.
2029 5700 2156 5764 umeris

399 5804 459 5851 uns
472 5796 690 5868 proeponatur.
707 5789 796 5856 hotto
809 5790 857 5856 Jn.
870 5792 921 5855 ll.
936 5792 991 5856 uui
1005 5795 1127 5871 hmini,
1157 5790 1257 5855 Posce
1298 5792 1362 5857 irco
1373 5800 1498 5873 nogant:
1517 5790 1696 5855 camelinis
1711 5789 1874 5863 contrario,
1886 5804 1969 5871 nuos
1984 5784 2157 5856 charitonis,

402 5882 587 5934 consciens.
981 5920 986 5925 .
1294 5876 1333 5938 iil
1349 5874 1509 5939 alhrroaut.
1526 5874 1674 5939 limenio
1690 5886 1795 5936 neaera
1816 5888 1879 5935 noo
1905 5870 2034 5949 munia
2059 5882 2157 5941 timi,

441 5954 551 6018 liltimo
566 5953 836 6035 objicimtaliizsi
863 5957 998 6021 mundus
1024 5957 1116 6021 dehet
1147 5955 1257 6037 goher·
1301 5960 1359 6021 sed
1372 5958 1547 6039 pemieiosn
1559 5953 1709 6029 haeresis,
1718 5954 1869 6035 ucgmeh
1904 5952 1983 6017 Patri
1997 5950 2158 6032 primatum

403 6038 597 6101 nariahuun
612 6038 694 6103 iniis
716 6052 794 6116 quae
816 6042 860 6103 ah
882 6039 1062 6119 relifflcnem
1087 6039 1257 6121 paruucm3
1296 6056 1322 6103 a
1335 6040 1454 6106 Christo
1467 6036 1730 6103 musonium
1744 6052 1802 6103 aas
1814 5999 2157 6119 replicassemus
