4792 7009
992 777 1089 840 ttulit
1107 773 1282 836 SECUNDUS
1909 775 1963 834 203

299 910 474 980 latrastis
488 912 542 976 lib.
559 913 590 976 3.
606 912 646 979 dc
659 913 733 976 lide
753 929 822 994 cop.
838 915 870 977 i.
885 912 1001 991 scribit,
1019 915 1122 976 i’alres
1176 909 1254 972 iliud
1280 909 1363 972 enlm
1380 905 1510 988 primum
1527 919 1619 989 pesse
1636 907 1732 990 recipi
1748 907 1839 974 eliam
1855 927 1871 973 a
1888 910 2034 986 Sabellio,

265 1004 293 1067 in
315 997 451 1060 Concilio
475 997 609 1060 Nicaeae
635 997 830 1060 occasionem
856 997 1016 1078 urcopisse
1032 999 1126 1078 buius
1171 993 1232 1054 hoc
1247 992 1419 1056 seeundum
1435 1009 1496 1054 nen
1512 991 1872 1072 posseNemsyneusien
1886 994 2039 1075 signifieat

265 1081 393 1148 nemiuis
413 1081 583 1160 usurpandi
603 1096 640 1143 ex
654 1081 757 1144 uerbis
774 1080 899 1143 Eusebii
915 1083 1126 1144 nicomedien·
1170 1077 1317 1138 unitatem
1343 1077 1412 1138 siue
1438 1075 1648 1147 distinetione,
1675 1075 1859 1138 homousion
1885 1076 2039 1158 signiileat

264 1170 302 1231 sis
317 1163 593 1235 haeretici-drienl,
610 1165 661 1238 qui
678 1164 845 1242 scripserat
860 1164 891 1224 iu
907 1165 1036 1243 epistola
1050 1183 1125 1244 qua·
1172 1159 1320 1222 unitatem
1344 1175 1412 1220 cum
1437 1159 1646 1234 distinetione,
1670 1165 1702 1220 et
1722 1159 1922 1238 processione
1944 1161 2037 1224 unius

267 1253 340 1311 dam:
359 1246 397 1307 Si
410 1262 523 1309 occatur
536 1245 594 1308 Dei
608 1246 767 1309 Fiiiemet
779 1245 1123 1323 tamenraaaetciiuas,
1170 1242 1209 1304 ab
1225 1243 1333 1304 aliero.
1350 1241 1493 1318 lienique
1511 1242 1687 1304 herbresius
1702 1241 1757 1302 iih.
1774 1240 1803 1302 ³.
1821 1241 1859 1304 de
1874 1242 1949 1304 Fide
1966 1259 2034 1321 cap.

263 1330 454 1396 leomearsion
468 1328 648 1391 cruuPuire
661 1330 839 1408 incipimus
854 1329 1009 1406 coraliteri.
1023 1331 1121 1406 draeo,
1172 1322 1204 1386 i.
1231 1324 1334 1388 Recte.
1363 1326 1475 1401 inquil,
1504 1326 1696 1386 laemottslou
1717 1323 2038 1388 PetriFiliuntdiei·

260 1416 355 1493 inquit
371 1413 562 1487 daabrosius,
576 1428 650 1474 cunr
661 1413 743 1474 iectu
755 1418 834 1474 esset
845 1412 1027 1490 muletetur
1044 1412 1123 1478 Cen·
1168 1424 1252 1482 ntus,
1278 1409 1358 1487 quie
1380 1407 1475 1469 aerbo
1492 1423 1527 1470 ee
1545 1414 1572 1468 et
1586 1423 1801 1486 phasianarum
1816 1407 1990 1485 distinctio,
2007 1413 2038 1470 ei

263 1500 332 1562 cilio
356 1493 509 1570 Nicaeae,
534 1495 593 1556 boe
608 1494 739 1558 uerbum
752 1495 790 1557 in
804 1499 944 1557 hectete
958 1495 1054 1559 Fidei
1066 1514 1122 1576 pe·
1168 1498 1294 1552 batere
1309 1491 1426 1554 ,ualdus
1440 1489 1656 1575 siprq'lleataen
1669 1489 1751 1552 liaeo
1765 1489 1830 1553 ille.

264 1583 398 1646 mactent
417 1578 539 1653 Petrae,
567 1578 655 1657 quod
673 1579 827 1640 uiderunt
841 1578 1040 1642 mecaenatis
1056 1592 1123 1644 quae
1210 1571 1311 1636 Potest
1333 1577 1391 1634 hec
1407 1574 1549 1636 illustrari
1567 1589 1604 1636 eu
1619 1571 1948 1652 antepraedicamentis
1965 1571 2029 1634 dri·

262 1663 440 1746 [amaloini.
468 1659 543 1722 llide
567 1660 659 1739 igitur
682 1677 773 1739 quam
799 1660 995 1738 impudenter
1018 1663 1122 1727 triani
1167 1654 1351 1729 stotelis,ubi
1370 1663 1454 1718 lecal
1469 1654 1715 1735 creabupuqirate
1739 1671 1796 1718 nos
1818 1655 2038 1717 dieimesreni·

262 1745 477 1826 querebantur,
503 1760 613 1804 uerum
630 1759 700 1805 esse
718 1759 842 1814 nomen,
860 1744 942 1822 qued
959 1745 1016 1824 ipsi
1033 1755 1122 1810 antea
1166 1753 1258 1812 noea,
1287 1735 1430 1816 ἕμώιιιμα
1451 1755 1530 1818 bilai
1553 1756 1610 1800 1108
1632 1738 1764 1800 dicimus
1794 1739 1983 1818 aequivoca·
2001 1737 2037 1800 Ui

265 1827 463 1906 usurpabant.
490 1825 535 1888 lix
560 1841 621 1902 quo
646 1826 795 1888 rcieliiter
821 1827 912 1887 etiam
928 1829 1122 1893 mendacium
1169 1819 1251 1883 eninr
1275 1824 1439 1882 univocum
1462 1836 1573 1883 nomen
1600 1822 1787 1882 esitissltlino
1804 1837 1897 1883 unum
1914 1827 2035 1884 cillica

264 1910 548 1988 Traaasylranerum,
563 1909 614 1986 qui
630 1908 686 1971 lib.
700 1909 729 1970 l.
743 1926 812 1987 usp.
824 1909 857 1969 3.
868 1908 985 1984 dieunt,
999 1911 1031 1972 ln
1044 1911 1122 1974 eoae.
1167 1911 1197 1964 al
1212 1902 1487 1984 significationeita
1501 1903 1669 1982 synnusiou
1682 1903 1833 1982 signifieat
1844 1903 1956 1981 aliquid
1971 1917 2037 1964 ern-

265 1991 1121 2070 cillenicaenatatraeuaanasaeuneaaoeam‚1>aut
1166 1985 1240 2047 alae
1264 2003 1358 2048 uirum
1381 1987 1449 2048 siae
1472 1987 1682 2058 distinetione,
1707 1992 1737 2048 et
1759 1987 1912 2064 quomodo
1928 1983 2036 2065 aequi·

262 2077 507 2147 coessentialem,
524 2081 554 2136 et
570 2075 700 2153 proinde
715 2090 786 2138 esse
800 2073 898 2137 Deera
911 2083 1078 2154 recentem,
1091 2085 1123 2143 et
1166 2084 1274 2131 imum
1297 2075 1347 2130 θεῖ
1369 2083 1464 2131 unum
1486 2085 1572 2142 loce,
1591 2068 1645 2130 sed
1661 2069 1822 2148 multiplex
1836 2067 2034 2148 signiflchiio·

260 2159 397 2224 Patribus
413 2157 614 2237 incognitum.
708 2207 712 2216 ,
1047 2196 1050 2207 .
1166 2151 2035 2229 ne3llalremeusienestuneminessentia‚eistinetutn

301 2241 378 2305 Sunt
392 2249 493 2302 autern
510 2241 570 2302 lroe
586 2240 653 2302 ineo
668 2237 730 2301 due
744 2239 879 2301 tietantia
895 2240 934 2302 do
949 2241 1009 2304 boe
1023 2243 1121 2307 uenti·
1166 2236 1197 2296 ιιι
1213 2235 1368 2315 peribitis·

263 2341 314 2388 ne.
344 2323 476 2385 Primum
501 2328 560 2395 est,
587 2338 649 2383 non
671 2324 773 2383 sultam
787 2322 909 2384 Arianis
922 2325 1124 2403 displicuisse

262 2408 321 2470 hoe
337 2423 460 2475 nomen,
477 2405 532 2466 sed
549 2407 638 2466 eham
655 2405 840 2482 quibusdam
851 2404 1017 2469 eallaolieis
1030 2422 1123 2489 prep-
1601 2405 1602 2414 ’

262 2497 342 2553 terea
367 2490 431 2568 qud
456 2487 561 2549 Patres
583 2487 710 2551 Coiteiili
727 2487 909 2550 antiocheni
925 2498 1028 2552 eontra
1044 2491 1120 2555 Pau·
1504 2479 1622 2570 CAPUT
1643 2481 1694 2546 Ν·
1793 2527 1795 2532 ,

259 2572 320 2634 ium
332 2571 567 2633 Samosatenum
580 2571 695 2632 diserte
710 2577 908 2649 negauerunt,
924 2571 1121 2639 Filiamesse
1425 2602 1426 2610 ι

259 2656 328 2718 Patri
352 2652 548 2728 homeusion,
568 2654 662 2733 itique
678 2655 831 2715 acciderat
845 2660 916 2715 aulo
927 2662 1030 2719 natam
1048 2658 1119 2720 itae·
1276 2643 1322 2712 De
1334 2647 1464 2714 eedem
1479 2647 1664 2732 apposueris
1681 2651 1711 2713 ei
1723 2646 1916 2712 subeuntia.

256 2738 345 2800 resim
362 2735 558 2810 iuriitiuibus
579 2737 762 2798 hilianusius
775 2735 805 2797 in
822 2735 930 2815 pritrris
943 2738 1051 2818 objicit
1065 2759 1121 2802 neo
1359 2799 1360 2804 ,

258 2820 426 2898 cleritatem
441 2818 579 2899 Dionysii
595 2819 714 2880 rottieni
727 2825 756 2880 ei
771 2819 960 2881 alexandrini
976 2822 1027 2898 qui
1043 2824 1119 2885 auli·
1205 2809 1386 2894 HllOSitsiS
1401 2813 1554 2896 Sigssiflffll
1565 2812 1693 2894 Nimim
1706 2812 1921 2887 subsfflssliaffla
1936 2828 2029 2891 quam

257 2902 380 2981 quiores
396 2903 520 2964 raama
534 2900 671 2963 coaeum
684 2902 952 2972 alterationem.
965 2905 1118 2969 caratam
1163 2897 1311 2960 universe
1333 2897 1464 2960 ululans
1479 2896 1685 2977 semestrua,
1702 2903 1733 2960 at
1749 2899 1779 2958 in
1797 2903 1901 2958 aaran
1918 2895 2030 2958 intelli·

256 2985 332 3047 ratu
348 2985 534 3048 nemausen
550 2983 703 3046 arueram.
717 2983 837 3045 belnae
851 2984 1119 3053 aaaaitraaaaea
1163 2985 1255 3059 ganta
1278 2997 1453 3058 peasaaaa.
1476 2980 1679 3060 distingutur
1700 2985 1801 3042 aaran
1824 2979 1862 3041 ae
1879 2978 2026 3055 essenus,

257 3084 291 3130 ac
310 3065 398 3143 dieii,-
422 3066 632 3129 antiochenus
653 3066 756 3129 Patres
780 3083 910 3146 negasse
933 3068 1117 3135 iremeusieu
1164 3063 1245 3140 duod
1272 3063 1350 3126 heco
1377 3062 1566 3142 significatui
1582 3079 1637 3142 liet
1652 3064 1775 3124 modunl
1793 3063 1906 3125 formae
1927 3061 2029 3126 totalis

256 3149 333 3212 Patri
350 3149 544 3212 assallitum
556 3149 593 3210 ad
607 3156 740 3210 menum
753 3149 954 3225 ειιιιοςιιιιιῑ,
970 3167 1029 3214 ῃοῃ
1046 3155 1118 3215 sym.
1163 3144 1194 3206 in
1211 3145 1269 3207 elio
1287 3147 1457 3210 existentis:
1472 3145 1640 3226 hypostatis
1653 3153 1754 3208 auteur
1766 3144 1957 3225 significatur
1969 3159 2027 3223 per

255 3232 387 3312 pliciter.
411 3232 631 3294 διιιιοειιιιιιιε
645 3239 905 3311 eaamaeaeperar
920 3237 1119 3312 corporaliter
1164 3228 1287 3290 neaera
1315 3229 1417 3298 tatius,
1446 3230 1527 3308 quoe
1543 3245 1605 3290 aon
1619 3227 1651 3289 iu
1667 3229 1739 3298 elle,
1756 3229 1811 3290 sed
1828 3231 1858 3288 in
1873 3243 1908 3290 se
1923 3233 1955 3288 ci
1970 3243 2027 3306 per

256 3315 315 3378 boc
329 3315 527 3378 uocabulum.
544 3315 631 3394 quasi
646 3314 845 3394 significaret,
859 3314 970 3378 Filium
982 3333 1053 3390 qsse
1066 3320 1118 3382 lia.
1163 3326 1198 3372 sa
1214 3314 1325 3373 existit.
1342 3312 1384 3373 Ex
1400 3329 1460 3390 quo
1473 3312 1622 3391 sequitur,
1637 3311 1827 3391 hypostasim
1840 3325 1899 3372 nen
1913 3310 2028 3376 addere

254 3400 290 3460 tri
317 3396 623 3470 consubstantialem,
651 3398 805 3476 quemodo
830 3401 877 3459 est
894 3398 984 3461 home
1001 3400 1116 3465 tuemini
1164 3393 1201 3456 ad
1226 3394 1392 3458 essentiam
1414 3395 1546 3474 aliquem
1563 3393 1689 3474 quadum
1707 3399 1831 3456 naturae
1846 3399 1896 3455 aul
1913 3397 2026 3470 uetant,

254 3481 539 3543 consubstantialis:
553 3481 602 3541 >iia
625 3486 657 3541 ul
672 3482 752 3541 duae
766 3480 956 3543 substantiae
970 3482 1043 3548 sint.
1061 3489 1118 3549 sed
1162 3477 1218 3539 sed
1241 3479 1342 3540 colum
1358 3478 1483 3540 modum
1499 3477 1638 3538 essendi.
1653 3475 1720 3544 Ilia.
1736 3475 1835 3554 iuquit
1849 3492 1875 3538 s.
1893 3474 2027 3542 leemas

253 3562 397 3642 ciusdem
419 3563 549 3642 speciei.
562 3563 606 3625 lie
621 3581 679 3641 qua
702 3577 735 3624 re
750 3563 885 3640 loquitur
899 3565 1020 3626 etiamr.
1037 3568 1118 3629 ili-in·
1162 3577 1195 3639 p.
1222 3577 1256 3640 p.
1277 3577 1309 3641 q.
1326 3561 1377 3622 29.
1394 3568 1451 3624 nrt.
1468 3563 1498 3626 2.
1512 3565 1542 3621 et
1556 3576 1587 3637 q.
1603 3558 1634 3620 9.
1652 3559 1690 3621 de
1705 3559 1812 3622 Pelen.
1829 3564 1885 3620 ari.
1906 3558 1934 3619 i.
1953 3557 2027 3620 suh·

252 3645 318 3708 rius
343 3646 374 3708 ln
396 3647 452 3708 lib.
475 3647 514 3708 dc
530 3645 644 3725 Syaod.
661 3649 737 3708 extr.
752 3645 833 3708 baie
848 3645 1117 3714 nummulariam
1162 3643 1271 3706 sistere
1298 3644 1441 3716 dicimus,
1469 3659 1551 3724 quea
1574 3658 1637 3704 aon
1662 3641 1693 3703 iu
1709 3642 1780 3712 alio,
1796 3641 1853 3704 srd
1865 3641 1897 3702 in
1914 3657 1949 3703 se
1964 3640 2028 3706 eti·

249 3728 628 3806 musolanoseonlesetre
655 3734 710 3801 eat,
721 3747 725 3755 ·
737 3730 795 3790 sed
814 3731 978 3810 neunqeid
998 3734 1116 3796 mettere
1162 3733 1257 3790 stunt.
1274 3725 1316 3788 lix
1328 3741 1389 3805 que
1405 3726 1512 3790 ilerum
1525 3724 1845 3806 sequitur‚essentiam
1859 3738 1929 3786 asse
1945 3739 2030 3788 coru·

247 3812 369 3876 iriam
387 3813 609 3890 aequaeraata
623 3808 786 3888 Octepinte
808 3811 960 3891 Episcopi
974 3813 1053 3877 oli-m
1065 3833 1116 3879 re·
1164 3810 1392 3884 manicabilem
1417 3810 1603 3890 hypostasim
1626 3807 1960 3885 incommunicabilem
1976 3822 2026 3871 ra·

246 3898 426 3974 aptiorem
438 3895 496 3956 seri
517 3893 649 3957 trecenti
662 3895 773 3958 decena
786 3898 816 3959 et
830 3900 897 3956 ecte
911 3910 1020 3976 nuper
1032 3913 1119 3961 reee-
1163 3897 1280 3974 pugnat
1294 3888 1375 3956 enirn
1391 3901 1425 3954 ut
1438 3895 1518 3972 maed
1535 3897 1582 3954 est
1593 3891 1624 3952 in
1640 3907 1675 3954 se
1689 3891 1728 3953 sil
1743 3890 1773 3952 in
1786 3889 1857 3962 aiio,
1872 3904 2026 3954 ramesse

244 3984 385 4057 parunt:
410 3976 463 4038 iiii
487 3983 602 4055 eerilre¹
625 3975 823 4039 haereticum
835 3976 1116 4055 improbaverunt:
1164 3979 1196 4039 in
1219 3977 1362 4050 alimest
1384 3992 1448 4038 nen
1466 3992 1537 4040 esse
1553 3974 1582 4034 in
1599 3988 1644 4036 se.
1662 3973 1705 4036 Ex
1720 3988 1781 4051 que
1795 3971 1904 4035 ultimo
1919 3971 2024 4052 sequi·

246 4059 411 4139 nimiquid
435 4066 464 4121 et
487 4058 543 4121 isti
564 4075 634 4122 non
647 4059 822 4121 adeerurm
835 4057 1119 4142 demetieentpro-
1164 4065 1224 4136 tur,
1252 4059 1439 4138 hypostasim
1467 4056 1674 4140 superaddere
1689 4056 1844 4122 essentiae
1859 4054 2026 4134 proprieta-

249 4140 438 4205 haemmi?
463 4139 500 4202 Si
512 4140 726 4221 ciprebuntto
742 4148 770 4204 et
783 4141 999 4222 improbando
1012 4161 1120 4212 unuin
1165 4148 1227 4206 iem
1254 4141 1399 4219 aliquam,
1427 4142 1517 4213 idest,
1534 4138 1648 4219 aliquid
1664 4155 1721 4202 sea
1737 4139 1871 4218 aliquem
1885 4137 2023 4213 meadum,

246 4227 383 4304 utrique
400 4227 597 4299 statuerumt,
613 4225 695 4304 quiid
709 4223 788 4287 bene
804 4225 978 4308 nmaidein
991 4231 1119 4293 aenum·
1162 4227 1281 4289 ratione
1306 4225 1395 4305 eujus
1421 4224 1472 4286 ilat
1497 4221 1806 4290 incommunicabilis.
1823 4219 1907 4295 Quae
1921 4219 2026 4286 emnia

249 4307 381 4370 timus?
1163 4309 1358 4374 deducuntur
1373 4322 1410 4370 ex
1425 4304 1536 4372 liasilio
1551 4305 1642 4384 epist.
1656 4304 1708 4368 ta.
1725 4319 1761 4368 ea
1772 4303 1911 4385 Nyssene
1923 4303 1953 4365 in
1967 4302 2023 4368 ιιι).

285 4387 461 4452 Notandum
475 4395 524 4452 ast
537 4387 688 4463 menneo,
704 4387 764 4450 boe
779 4403 892 4452 nomeu
908 4389 1054 4456 diuinitus
1069 4392 1117 4458 iu·
1164 4393 1203 4456 de
1229 4388 1330 4454 differ.
1348 4397 1464 4452 essent.
1482 4397 1512 4454 et
1524 4392 1646 4472 lrypost.
1660 4404 1696 4451 ex
1712 4387 1903 4450 Damascene
1918 4385 1973 4448 lib.
1990 4385 2021 4450 3.

249 4479 379 4538 rentum
401 4471 509 4547 rideri,
525 4472 678 4552 siquidem
695 4470 826 4534 destruit
839 4472 931 4535 simui
946 4478 1117 4543 contrarias
1163 4492 1232 4554 cap.
1256 4471 1286 4536 3·
1314 4487 1351 4536 ei
1374 4471 1485 4554 Cluilio
1501 4474 1556 4537 lib.
1572 4474 1601 4536 i·
1618 4470 1657 4534 de
1678 4471 1700 4532 Τ
1703 4469 1786 4534 filiii·
1803 4486 1840 4533 ex
1854 4467 1975 4532 Jusiilw
1991 4468 2023 4532 ill

248 4553 401 4618 haereses
425 4553 487 4616 Arii
512 4561 543 4617 et
566 4553 705 4618 sabellii.
721 4553 805 4631 Nem,
822 4560 855 4616 ut
876 4553 968 4619 docet
982 4558 1116 4623 ainana·
1162 4559 1217 4622 lib.
1234 4557 1272 4620 de
1289 4562 1370 4618 reela
1385 4555 1470 4618 Fidei
1487 4557 1621 4620 euniess.
1638 4559 1669 4617 et
1683 4569 1720 4616 ex
1734 4553 1926 4617 theodoreto
1941 4551 1971 4614 iu
1988 4551 2022 4614 ii·

250 4637 318 4701 sius
349 4637 381 4699 ia
407 4636 463 4700 lib.
486 4636 525 4700 de
542 4637 658 4718 Synod.
674 4636 769 4699 duim.
785 4643 816 4700 ct
830 4635 955 4701 Selene.
971 4646 1002 4702 ct
1017 4643 1110 4707 etiarn
1158 4642 1246 4705 belle
1269 4645 1372 4702 centra
1388 4637 1568 4715 Sabethum,
1584 4639 1638 4720 qui
1653 4637 1784 4701 habetur
1799 4643 1872 4699 lom.
1889 4634 2029 4699 lidan*

251 4719 387 4784 Basilius
407 4720 439 4781 in
455 4720 584 4798 quadam
598 4719 690 4800 epist.
706 4719 745 4780 ad
761 4720 892 4783 ancilias
903 4720 971 4796 Dei,
988 4740 1052 4787 nen
1067 4726 1113 4788 di·
1162 4724 1301 4788 ciliorum
1319 4721 1350 4783 in
1366 4721 1574 4786 additionibus
1589 4725 1627 4786 ad
1638 4719 1824 4784 Brerierium
1838 4737 1869 4782 s.
1879 4718 2022 4782 liberari.

248 4802 328 4866 citur
344 4804 526 4866 homousios
540 4804 579 4866 de
593 4803 644 4877 iis,
660 4818 740 4882 quae
754 4804 1044 4887 quomodocumque
1061 4808 1114 4871 ha·
1203 4805 1333 4869 rametsl
1350 4804 1432 4866 enim
1448 4805 1478 4867 hi
1495 4805 1600 4870 Patres
1615 4819 1676 4870 non
1693 4805 1852 4867 rideantur
1864 4803 1951 4863 eiiam
1966 4800 2022 4864 dii·

247 4884 324 4948 irent
347 4886 483 4949 similem
504 4885 684 4963 essentiam,
706 4885 762 4949 sed
785 4886 825 4949 de
840 4886 877 4950 iis
894 4886 1020 4959 tautam,
1037 4907 1115 4968 que·
1159 4890 1320 4955 terentium
1349 4903 1466 4966 ponere
1489 4889 1567 4952 ieter
1582 4888 1748 4953 essentiam
1771 4893 1800 4950 el
1815 4885 2026 4964 suppositum,

246 4984 314 5030 rum
331 4985 430 5031 unum
446 4974 494 5031 est
508 4969 546 5032 ab
560 4969 667 5046 allero,
684 4973 715 5031 et
728 4969 767 5032 ab
781 4968 835 5031 iiie
850 4969 960 5048 recipit
973 4973 1117 5036 camdem
1160 4991 1250 5056 quem
1277 4987 1345 5036 eam
1368 4985 1445 5048 quae
1462 4977 1509 5034 cst
1524 4975 1603 5035 inter
1618 4970 1760 5048 speeiem·
1771 4977 1801 5033 et
1816 4963 2020 5042 individuum,

249 5051 435 5114 essentiam.
461 5051 615 5116 Sabeliius
640 5052 792 5116 fatebatur
819 5053 937 5123 Patrem
960 5055 1115 5118 etlilium
1160 5067 1193 5122 ut
1221 5058 1301 5120 inter
1325 5053 1481 5116 bominem
1498 5059 1528 5116 el
1543 5055 1675 5118 Petrum:
1694 5057 1793 5116 lemen
1810 5051 1903 5114 iidem
1919 5051 2028 5114 Patres

247 5133 368 5197 babere
384 5134 522 5198 eamdem
533 5133 711 5209 essentiam,
725 5135 779 5198 sed
793 5135 924 5216 negabat
934 5152 1112 5201 unnmesse
1157 5137 1354 5220 apertissime
1380 5135 1559 5214 prolitenler
1581 5136 1740 5218 (utsupra
1756 5133 1948 5198 ostendimus
1965 5132 2024 5196 lib.

245 5215 284 5280 ab
297 5217 374 5280 alio.
392 5217 493 5280 drlaui
507 5218 680 5281 fatebantur
694 5219 805 5280 altram
825 5234 897 5281 esse
911 5235 926 5280 a
942 5217 1040 5291 Patre,
1055 5221 1111 5284 sed
1159 5222 1188 5290 t.
1205 5237 1274 5303 cap.
1291 5222 1321 5285 3.
1338 5218 1350 5300 )
1366 5219 1404 5280 ita
1421 5233 1491 5283 esse
1507 5219 1603 5282 ticum
1620 5234 1713 5284 unum
1730 5213 1857 5281 nurnero
1874 5229 1935 5278 eon
1951 5229 2022 5294 spa·

246 5299 574 5380 neyphantaceepisse
585 5300 722 5363 eamdem
734 5303 912 5365 essentiam.
925 5298 1012 5365 liade
1022 5302 1111 5366 itha·
1157 5309 1216 5383 cle,
1233 5312 1267 5370 ul
1279 5313 1340 5368 tres
1352 5301 1472 5366 diuinae
1485 5301 1669 5382 hypostases
1682 5317 1743 5364 non
1757 5302 1877 5382 possint
1891 5299 1951 5360 diei
1965 5298 2026 5362 tria

246 5384 356 5446 assius
370 5383 404 5444 in
415 5383 470 5446 lib.
484 5384 523 5446 dc
535 5383 652 5446 decret.
663 5382 787 5447 llicacn.
801 5385 916 5465 Synod.
929 5383 1013 5459 dioil,
1027 5386 1109 5449 driu·
1155 5390 1310 5454 individua
1326 5384 1424 5449 diuina
1442 5384 1557 5448 ratione
1573 5392 1710 5457 naturae,
1725 5383 1886 5466 qtrasilres
1898 5379 1960 5443 sint
1975 5379 2022 5442 iu·

245 5481 305 5529 nes
331 5481 444 5528 omnes
464 5467 540 5529 alias
560 5480 652 5528 reecs
684 5466 831 5530 tolerasse
853 5473 974 5547 praeter
995 5470 1108 5546 istem,
1155 5473 1296 5536 dividuae
1321 5469 1462 5532 deitates:
1486 5469 1541 5532 sed
1558 5468 1729 5533 solomlrie
1745 5466 1862 5529 retia-ue
1876 5463 2022 5544 hyposta-

246 5549 320 5628 quia
340 5563 451 5611 omnes
471 5549 547 5612 alias
567 5553 707 5628 poterant
727 5549 846 5613 trahere
866 5551 904 5614 ad
926 5567 1016 5614 suurn
1038 5567 1111 5614 sen·
1157 5554 1235 5618 lirae
1251 5553 1479 5636 proprietatis,

247 5645 328 5706 sum,
358 5638 390 5692 et
411 5631 481 5695 ideo
502 5631 668 5695 Nicaenum
690 5627 860 5702 Concilium
882 5635 913 5695 ie
937 5632 1106 5714 symbolo,
1197 5638 1280 5701 ilaec
1295 5636 1389 5716 igilur
1403 5651 1475 5709 ros,
1490 5633 1563 5697 licet
1578 5632 1922 5714 quibusdamsaspeeia
1937 5627 2020 5691 uida·

247 5721 416 5794 postquam
432 5713 546 5776 dixerat
560 5714 748 5776 Filiumesse
760 5713 855 5776 heum
868 5716 906 5777 de
918 5716 993 5793 Dee,
1008 5713 1111 5776 ιιιιιιη
1155 5725 1383 5797 reinquinare
1398 5719 1435 5780 ad
1452 5716 1706 5796 significationem
1723 5711 2019 5786 substantiaeidesl,

248 5811 368 5861 aenens
391 5796 432 5859 rie
456 5795 519 5860 Deo
533 5813 619 5870 emo,
635 5797 1007 5876 quaecumconperta,
1024 5805 1053 5862 et
1067 5813 1111 5861 ece
1155 5803 1310 5864 essentiae
1333 5802 1410 5862 trahi
1432 5807 1547 5879 posset,
1564 5807 1597 5862 ut
1611 5805 1696 5878 pelet
1720 5811 1756 5860 er
1785 5795 1970 5874 llierenymo
1989 5794 2022 5856 in

246 5879 434 5943 mistriano
446 5879 552 5942 Patris
562 5880 963 5955 autumanimadrertisse,
978 5881 1110 5943 istaem·
1155 5885 1247 5964 episi.
1265 5879 1411 5947 duab.ad
1443 5881 1573 5944 Damas.
1595 5881 1634 5944 da
1659 5881 1780 5963 hyposl.
1807 5895 1845 5941 ex
1874 5877 2025 5956 Gregorio

247 5965 297 6026 nia
313 5962 402 6026 cludi
418 5979 510 6041 pesse
525 5962 563 6024 ab
579 5962 687 6024 astutia
699 5962 892 6035 atrianorum,
905 5970 937 6026 et
948 5969 1110 6042 propterca
1155 5968 1291 6031 nazianz.
1319 5965 1399 6029 Oret.
1417 5963 1455 6026 de
1472 5964 1682 6028 laudatitias.
1698 5970 1728 6028 et
1742 5979 1780 6027 ex
1794 5961 1888 6022 iterio
1902 5958 2021 6023 lictor.

248 6045 421 6120 addidisse,
438 6045 620 6109 homousion
636 6045 726 6121 Patri.
741 6045 930 6125 Epiphanius
944 6061 1066 6126 queque
1079 6046 1111 6109 in
1156 6049 1187 6112 in
1204 6051 1264 6114 lib.
1277 6049 1315 6114 de
1331 6048 1474 6112 hemeris.
1488 6054 1589 6110 temen
1612 6048 1737 6110 omnino
1767 6041 1944 6122 recipienda
1959 6047 2021 6122 est,

248 6129 404 6197 decorate
415 6127 616 6207 menet,aliud
627 6141 695 6194 esse
706 6125 949 6195 macrioreeaiiud
962 6127 1108 6209 tucher.
1157 6139 1188 6198 ei
1203 6141 1265 6201 lule
1281 6132 1342 6200 diei
1361 6136 1490 6216 pessunt
1504 6131 1535 6196 in
1551 6129 1615 6198 lien
1629 6135 1689 6197 tres
1702 6131 1900 6212 hypostases.
