4792 7009
453 677 508 734 tie
1036 713 1039 720 -
1063 674 1108 734 bs
1126 673 1265 736 melo
1284 669 1461 732 Pomlslelt

382 817 492 892 speetu
506 811 677 887 bominum,
694 813 750 876 seri
776 811 868 878 etiam
882 810 914 872 in
930 814 1100 889 conspecte
1128 807 1252 872 daemc·
1295 805 1513 884 Antichristuin
1525 805 1675 870 laetorum
1690 807 1799 872 scribit
1809 807 1966 873 ¹loannes:
1988 812 2048 876 scd
2062 813 2157 886 mori,

381 911 455 956 unm
470 903 500 958 et
514 897 693 976 augelorum
708 903 781 960 sant
793 893 957 958 mirabilia:
970 898 999 954 al
1010 891 1157 954 miracula
1168 892 1251 956 Anti·
1297 895 1328 952 et
1342 905 1515 970 resurgere,
1533 890 1635 971 lgnern
1648 890 1687 954 (le
1702 892 1789 954 coelo
1802 892 1983 969 demittere,
2001 895 2076 958 dare
2089 895 2157 958 irns-
2201 955 2202 972 ,

380 977 487 1040 christi
503 978 662 1040 babebuut
681 981 784 1043 omnia
799 992 925 1042 caussas
940 975 1105 1051 naturales,
1123 975 1180 1038 sed
1194 977 1249 1048 bo-
1296 973 1359 1052 gini
1375 973 1436 1034 rim
1447 974 1611 1052 loquenoir
1627 978 1792 1038 ostendant
1804 989 1896 1054 tergo,
1921 976 1976 1040 ista
1997 977 2076 1041 lacta
2091 995 2157 1044 csse
2201 973 2202 1026 l

379 1060 517 1122 minibus
531 1063 681 1125 occultas.
1295 1071 1312 1116 n
1327 1055 1483 1140 pontifico,
1499 1057 1548 1118 uel
1571 1055 1750 1135 pertinctis.
1767 1057 1886 1120 lieinrie
1900 1058 1951 1119 illa
1963 1059 2034 1121 'tria⁴
2048 1075 2158 1140 genem

421 1142 566 1222 ercrnpta
580 1145 800 1208 miraculorum
821 1138 996 1204 Antichrisli
1018 1138 1073 1202 tria
1093 1145 1250 1217 ponuntur
1294 1137 2158 1206 mimoulnrum.luerrrniinliccleslausitniaanteidtem·

378 1225 475 1304 lpoc.
492 1225 543 1288 tit.
559 1225 660 1290 Gnum
674 1275 683 1303 ,
699 1229 782 1305 ouon
796 1225 900 1306 ignem
914 1224 955 1286 rlc
969 1222 1060 1285 coelo
1077 1222 1248 1287 descende-
1292 1235 1429 1300 puerine
1440 1221 1605 1284 adversarii
1617 1221 1836 1309 Anticmlstum
1849 1225 2033 1301 appamisse
2046 1226 2156 1292 dicuni.

376 1323 412 1370 re
425 1309 524 1370 inciet:
542 1311 683 1386 alterum,
700 1310 781 1387 quod
792 1309 928 1371 lactetur
941 1306 1042 1384 imago
1069 1305 1189 1372 bestim
1203 1307 1248 1372 lo·
1293 1301 1406 1366 Scribit
1420 1304 1502 1368 enim
1513 1304 1548 1367 b.
1565 1305 1728 1384 Gregorius
1745 1305 1799 1367 lib.
1813 1305 1847 1367 i.
1861 1305 1940 1368 Dinl.
1956 1323 2027 1387 esp.
2044 1308 2097 1370 to.
2108 1309 2155 1372 Pa·

382 1397 504 1468 quatur:
522 1393 655 1465 tertium,
671 1393 754 1471 quod
764 1391 862 1471 linget
874 1403 910 1452 se
924 1389 1245 1469 mori‚·et·resurgere;
1285 1387 1553 1464 sobesiidlacoui,
1569 1389 1623 1466 qui
1639 1389 1752 1449 riserat
1766 1393 1903 1468 ternpore
1919 1387 2095 1470 ngmaclri
2111 1409 2157 1470 pa·

376 1477 593 1553 propterquod
611 1474 792 1536 miraculum
802 1469 1076 1552 praecipuctotlns
1084 1470 1146 1545 lere
1155 1487 1246 1535 mun-
1292 1483 1361 1546 poe,
1379 1471 1462 1534 nece
1475 1485 1589 1532 annum
1601 1469 1806 1532 enutriebo.
1822 1471 1954 1534 animam
1972 1476 2153 1553 apparuisse

374 1555 435 1618 dns
449 1570 520 1618 eum
531 1555 788 1620 admimbitur.Ex
798 1557 911 1636 quibus
922 1553 1077 1616 miraculis
1088 1554 1150 1617 duo
1164 1555 1245 1634 prio·
1291 1566 1319 1613 s.
1336 1551 1486 1615 Germano
1508 1567 1646 1631 capuano
1661 1553 1828 1631 episcopo,
1843 1570 1880 1616 ee
1896 1561 1928 1616 ut
1941 1572 1998 1632 pro
2013 1571 2050 1618 se
2062 1566 2156 1620 oraret

375 1655 408 1698 ra
425 1647 515 1699 erunt
527 1655 595 1702 aera
607 1641 725 1701 ratione
740 1641 895 1713 materiae,
907 1653 971 1700 nou
985 1637 1102 1700 ratione
1115 1637 1242 1703 formae
1287 1634 1430 1712 petiisse,
1448 1641 1509 1698 ata
1524 1636 1691 1715 purgatorii
1707 1637 1866 1698 tormentis
1878 1635 2074 1701 liberaretur.
2091 1639 2155 1702 Ger·

375 1722 498 1787 tertium
510 1727 612 1783 antem
628 1724 714 1786 nullo
729 1723 833 1786 modo.
1285 1721 1320 1779 te
1335 1717 1394 1780 boc
1408 1721 1588 1781 miraculum
1603 1719 1731 1797 conligit
1746 1726 1868 1780 centum
1883 1720 1974 1783 annis
1994 1729 2154 1801 antequam

414 1803 523 1866 Posset
536 1805 742 1884 autcmobjici
756 1811 863 1868 contra
879 1803 967 1865 boeot
979 1800 1050 1882 quia
1062 1817 1126 1864 nou
1137 1802 1243 1866 videm
1286 1797 1889 1880 Antichristosappamerat,crsententia
1905 1802 2155 1868 omniambaere·

374 1891 424 1946 tur
436 1885 515 1948 baec
529 1887 631 1950 omnia
645 1889 792 1951 muscula
805 1901 901 1966 posse
925 1885 1017 1948 tribui
1046 1884 1241 1948 Antichristo.
1284 1881 1418 1944 ticoronr
1431 1884 1526 1964 bolus
1541 1883 1699 1962 temporis.
1715 1883 1809 1946 Nemo
1830 1884 1912 1947 enlm
1941 1887 2030 1964 ponit
2045 1888 2155 1950 arinen

372 1968 444 2049 lium
459 1966 594 2032 ioannes
609 1972 696 2034 ineo
711 1971 780 2032 loco
794 1969 997 2032 ouasbe'stias
1010 1967 1191 2029 introducit:
1206 1985 1243 2032 u·
1284 1971 1350 2026 turn
1365 1967 1554 2038 Antichristi,
1575 1965 1851 2045 nisipostannum
1877 1965 1949 2029 eit).
1973 1976 2004 2032 et
2019 1969 2157 2049 Gregorii

369 2067 456 2124 narn,
470 2067 550 2131 garae
564 2053 658 2115 babet
670 2055 769 2132 capita
782 2060 917 2131 septem,-
932 2049 1066 2128 otcujns
1081 2063 1239 2112 onumen·
1287 2047 1311 2108 l.
1326 2048 1454 2112 abirom.
1468 2050 1552 2112 ldem
1568 2049 1734 2128 Gregorius
1746 2049 1838 2112 relert
1858 2048 1898 2112 de
1912 2051 1981 2113 aliis
1992 2056 2154 2132 apparitio

374 2133 1069 2214 putrisumestmerietresurgereaclteram
1080 2133 1240 2209 minorem,
1282 2130 1562 2196 nibusnuimarum
1582 2133 1893 2214 missrspctenitum,
1917 2133 2101 2198 eodemlib.
2124 2137 2152 2200 l.
2201 2139 2202 2150 ¹

371 2232 450 2292 quoe
462 2219 537 2278 iecit
549 2224 652 2297 ignem
666 2219 704 2280 dc
720 2219 807 2280 coelo
819 2215 1021 2284 nescenlcrc,
1031 2221 1062 2275 et
1076 2215 1239 2297 imaginem
1282 2229 1354 2292 cap.
1368 2214 1421 2277 55.
1450 2261 1452 2266 ,

370 2298 468 2377 logui,
482 2299 513 2362 si
524 2315 598 2380 ergo
612 2302 815 2364 Antichristus
830 2299 888 2362 erit
907 2299 993 2376 prior
1003 2296 1116 2370 bestia,
1133 2299 1241 2362 nonei
1327 2297 1538 2359 Gemirncnlls
1564 2295 1726 2360 scultetum
1742 2301 1867 2376 propior
1883 2297 2052 2376 imaginum
2068 2313 2155 2364 rene·
2201 2339 2202 2372 2

362 2383 545 2447 tribuuntur
558 2383 619 2446 duo
633 2384 684 2446 illa
699 2383 844 2446 miracula
860 2383 898 2442 de
912 2382 985 2460 igne
1000 2382 1080 2443 ctdc
1093 2380 1237 2458 imagine:
1285 2379 1447 2445 tutionem.
1463 2385 1561 2442 exstat
1574 2380 1750 2456 exemplum
1776 2380 1857 2456 apud
1878 2379 2048 2444 Eusebium
2066 2427 2076 2457 ,
2101 2382 2153 2446 lib.
2201 2381 2202 2442 ζ

369 2463 402 2524 si
417 2466 476 2525 erit
490 2463 642 2545 posterior
656 2466 765 2540 bestia,
793 2481 855 2528 non
870 2464 1014 2544 potestei
1039 2463 1133 2525 tribui
1147 2465 1238 2527 mira·
1285 2459 1315 2520 l.
1340 2462 1413 2526 bist.
1430 2479 1498 2542 cap.
1517 2463 1567 2525 lt.
1581 2461 1749 2528 ubirelert
1765 2463 1803 2524 ab
1826 2479 1861 2524 ea
1877 2464 2031 2538 muliere,
2063 2481 2152 2542 quam

370 2546 473 2609 culum
484 2549 733 2612 resurrectionis.
1283 2541 1433 2606 Dominus
1446 2549 1589 2608 curantia
1604 2547 1763 2624 sangoinis
1779 2544 1875 2618 fluxu,
1889 2550 2018 2608 statuam
2033 2561 2152 2611 aeream

390 2627 765 2706 ‘Respondeoiltriorem
780 2628 908 2692 bestium
923 2625 1110 2708 significare,
1125 2627 1174 2689 rel
1190 2644 1238 2691 ro·
1284 2624 1429 2689 salvatori
1446 2634 1588 2690 erectam:
1616 2627 1742 2690 barbam
1769 2633 1872 2690 autern
1900 2631 2065 2706 quamdam
2094 2632 2149 2696 sub
2201 2613 2202 2698 Ῐ

363 2726 495 2782 manum
511 2713 685 2792 imperium,
701 2713 750 2775 rel
766 2711 993 2773 multitudinem
1013 2711 1188 2790 impromm,
1205 2717 1238 2774 nt
1283 2707 1349 2786 ipsa
1365 2717 1461 2772 statua
1484 2713 1568 2774 nasci
1585 2710 1804 2784 consuevisse,
1832 2725 1911 2786 nnec
1935 2710 1986 2772 obi
2000 2713 2151 2776 crevisset
2201 2709 2202 2716 ’

371 2795 629 2871 supradiximus:
647 2812 742 2858 unum
757 2803 870 2868 eutem,
902 2794 1003 2865 idest,
1036 2790 1237 2874 praecipuum
1278 2807 1381 2870 osque
1396 2794 1433 2856 ari
1446 2792 1747 2872 limbrias'imaginis,
1761 2808 1891 2872 eamque
1916 2793 2095 2873 attigisset,
2119 2813 2149 2858 o

361 2875 763 2956 ejascapar,qorortsum
775 2877 925 2946 estmori,
942 2882 1236 2954 errcsrrrguecssc
1278 2875 1397 2936 mnium
1415 2877 1562 2940 mulorum
1577 2891 1690 2957 genera
1706 2875 1912 2948 rorabattiuo
1924 2877 2073 2939 miraculo
2090 2880 2149 2940 eri·
2201 2917 2202 2926 κ

363 2960 598 3036 antichristum
614 2963 769 3023 eniienim
795 2959 1001 3022 Antichristus
1015 2975 1192 3037 supremo·
1205 2967 1237 3022 et
1278 2957 1433 3030 deusest,
1451 2958 1548 3022 Deum
1560 2958 1732 3038 approbare
1745 2956 1882 3022 noluisse
1899 2961 2058 3022 sacrarum
2071 2963 2149 3024 ima·

365 3041 506 3103 ultimum
519 3045 801 3121 ceputimpiorum.
817 3047 908 3104 etesi
922 3041 1048 3103 ultimis
1074 3057 1152 3108 ren,
1181 3043 1233 3122 qrri
1277 3039 1385 3117 ginum
1408 3041 1538 3107 ¹cultum.

362 3124 703 3200 imperiamromanom
717 3126 847 3188 ‘tenebit
863 3171 870 3186 .
887 3128 989 3186 tamen
1012 3125 1082 3184 sine
1110 3128 1235 3188 nominc
1275 3155 1278 3162 ·
1321 3121 1365 3184 lie
1387 3122 1567 3186 sentientibus
1582 3122 1742 3186 concessis
1753 3123 1898 3186 diuinitus
1913 3123 1976 3197 iis,
2004 3125 2057 3202 oui
2079 3141 2148 3188 san·

363 3213 485 3269 romarii
496 3209 709 3286 imperatoris.
725 3208 763 3269 Iit
787 3209 845 3270 boc
863 3206 980 3269 omnm
991 3206 1169 3269 miraculum
1186 3223 1234 3270 re·
1254 3255 1256 3260 .
1275 3202 1459 3281 efisaliuuirl
1472 3213 1628 3282 nouerant,
1646 3215 1717 3268 sunt
1729 3206 1960 3269 innumerabilia
1974 3207 2150 3285 apurlrete·

359 3291 669 3364 surrectionis,etiaro
682 3289 1020 3352 omninotribucnrlum
1036 3291 1232 3363 intremisco,
1275 3299 1329 3348 nris
1343 3291 1586 3366 testimoniares
1600 3289 1723 3370 insigne
1732 3289 1939 3351 testimonium
1952 3295 2051 3352 exstat
2064 3291 2148 3369 nputl

364 3373 478 3433 nocent
492 3373 671 3440 Primasios.
687 3373 780 3444 liena,
792 3371 1103 3452 Hagmoliicbsrrlus,
1117 3372 1233 3450 liuper·
1275 3367 1507 3433 lllreooonetum
1523 3418 1531 3447 ‚
1549 3372 1599 3449 qui
1616 3373 1670 3433 lib.
1686 3370 1717 3434 Β.
1746 3372 1784 3434 ad
1810 3370 1918 3434 Graec.
1935 3417 1945 3445 ,
1963 3372 2016 3448 qui
2046 3379 2097 3436 est
2110 3376 2149 3437 oe

362 3461 416 3516 ins
427 3463 459 3516 et
472 3449 650 3528 noscimus,
666 3457 697 3518 in
714 3457 795 3516 bunc
809 3457 924 3525 locum,
951 3459 981 3515 et
994 3453 1161 3532 Gregorius
1177 3455 1232 3519 lib.
1277 3460 1401 3532 martyr.
1415 3455 1533 3528 scribit3
1549 3470 1605 3518 suo
1617 3459 1755 3533 tempore
1768 3454 1880 3533 templa
1896 3461 2060 3534 martyrum
2072 3455 2149 3518 luis-

359 3537 410 3599 tl.
431 3537 920 3622 episceqaooestnounnnm
940 3543 1045 3598 contra
1068 3537 1231 3616 lyranum,
1276 3535 1418 3612 septena
1431 3537 1553 3600 tabellis
1566 3538 1615 3600 ael
1634 3536 1807 3600 simulacris
1822 3537 2147 3616 manuumpedum,
2201 3583 2202 3620 ,

362 3623 416 3697 pur
433 3620 558 3698 exponit
573 3623 632 3683 boc
657 3620 786 3683 ostilio
810 3621 944 3699 quodam
969 3618 1122 3682 Gosdroae
1149 3619 1234 3698 regis
1273 3618 1453 3692 oculorum,
1470 3621 1629 3699 capitum,
1656 3627 1692 3683 et
1716 3625 1906 3687 caeterorum
1936 3619 2145 3684 bumanorum

232 3699 236 3704 '
360 3701 534 3777 Persarum,
555 3718 650 3784 quem
665 3719 736 3765 esse
760 3701 848 3780 lingit
874 3702 906 3763 in
930 3701 1063 3779 quodam
1087 3702 1230 3766 conflictu
1279 3695 1627 3781 membrorumunibus
1649 3701 2144 3766 indicabanturiamocncsnoi-

361 3784 567 3855 uulneratum,
583 3791 736 3848 ettamen
759 3802 820 3846 non
832 3787 983 3846 occisum.
999 3783 1061 3846 Nec
1071 3789 1153 3845 enirn
1169 3786 1232 3848 ulla
1277 3787 1383 3855 tatum,
1401 3799 1480 3862 quae
1495 3787 1638 3848 borsines
1653 3786 1681 3847 ri
1694 3790 1834 3848 notorum
1845 3801 1861 3846 a
1874 3783 1991 3851 sanctis
2006 3787 2147 3868 martyri·

360 3867 486 3928 historia
499 3867 627 3946 'probata
642 3868 822 3944 talealiouid
838 3867 931 3929 relert
942 3869 982 3928 tle
992 3866 1231 3929 lilicGosorooer
1279 3863 1339 3928 bus
1354 3875 1564 3946 acceperant*
1803 3881 1805 3886 ·

360 3965 465 4030 neque
482 3957 584 4024 potest
598 3949 662 4013 lilio
677 3951 831 4012 Gosrlroac
844 3949 1114 4026 convenirequorl
1129 3951 1233 4030 sequi·

358 4032 568 4111 torintpoe·
585 4033 806 4096 Ginammutc
832 4039 880 4096 est
892 4033 1048 4111 uniuerso
1062 4039 1150 4095 terro
1160 4039 1233 4112 post
1603 4031 1719 4095 cllbt
1741 4031 1840 4094 llll..

359 4113 640 4190 bartiomriiccnm
659 4113 735 4191 Quoia
749 4114 1027 4178 simitisbcstice?
1078 4179 1082 4187 ,
1140 4152 1143 4161 .
1453 4137 1481 4168 ·.
1519 4152 1522 4162 2

400 4194 493 4258 Porro
507 4200 659 4276 posterior
669 4201 732 4259 rita.
742 4197 840 4260 bestia
864 4199 895 4257 in
924 4197 1105 4276 Apocalypsi
1118 4213 1231 4259 secan·
1440 4196 1484 4260 lie
1494 4213 1594 4276 repno
1610 4203 1639 4260 et
1650 4197 1786 4276 proeliis
1799 4197 1995 4260 immoriere.

360 4279 434 4343 dum
450 4279 1230 4359 [inperiumsigniticateumdemAnucbrrstum.l·
1428 4288 1429 4296 ’
1741 4291 1744 4298 ·
1813 4315 1815 4320 -

359 4363 430 4422 dem
445 4364 527 4438 epiro
540 4362 898 4441 numerisrosperouas
908 4362 1023 4424 bestias
1038 4362 1227 4439 exprimitur:
1317 4361 1362 4424 lie
1376 4377 1472 4440 regno
1487 4366 1518 4424 et
1533 4363 1657 4440 praeliis
1668 4361 1858 4428 Antichristi,
1871 4366 2003 4440 puabmr
2017 4361 2051 4424 in
2063 4363 2148 4426 Scri-

359 4461 416 4522 per
429 4461 535 4519 unam,
550 4446 668 4507 ratione
694 4445 797 4524 regiae
822 4448 976 4525 potentiae
1003 4452 1033 4505 et
1046 4447 1227 4525 tyrannidis,
1272 4443 1372 4520 pruris
1385 4444 1527 4522 legimus.
1544 4443 1887 4519 primumprimnum
1915 4459 1953 4504 car
1966 4445 2148 4508 humillimo

357 4543 417 4603 apua
434 4535 526 4602 coget
538 4528 682 4590 nomines
698 4529 856 4590 violenter:
873 4544 928 4604 per
952 4531 1094 4599 alteram,
1112 4529 1228 4590 ratione
1275 4527 1342 4588 loco
1352 4527 1561 4604 prodeuntem
1576 4543 1631 4606 per
1653 4527 1776 4588 fraudes
1791 4534 1823 4588 et
1837 4528 1925 4588 doliis
1950 4543 2084 4606 regnum
2098 4528 2150 4590 Ju-

359 4611 497 4688 magicne
510 4611 599 4677 artis.
611 4627 671 4688 goa
687 4611 798 4672 catltoc
812 4611 955 4671 nomines
970 4612 1109 4676 seducet.
1132 4613 1166 4671 tt
1180 4627 1228 4673 se·
1275 4609 1421 4671 dacorum
1443 4613 1637 4688 adepturum.
1664 4611 1806 4674 Secundo
1825 4615 2059 4687 ,pugnaturum
2077 4627 2150 4672 cum

359 4692 495 4754 cundum
510 4693 707 4767 bichardum,
724 4700 755 4754 ct
765 4694 959 4766 Anselmum,
978 4700 1009 4753 et
1023 4693 1112 4757 alios.
1125 4701 1227 4772 poste·
1275 4693 1372 4760 tribus
1388 4692 1525 4771 regibus,
1544 4692 1684 4754 nimirum
1702 4692 1829 4769 Aegypti
1842 4691 1966 4771 Lybiae3
1980 4697 2076 4771 atque
2091 4701 2148 4757 rte

357 4777 422 4838 rior
436 4775 534 4837 bestia
560 4776 714 4854 signifieat
728 4776 954 4853 praedicatores
969 4775 1157 4843 Antichristi.
1175 4773 1227 4857 qul
1277 4773 1421 4851 tbioplae,
1435 4782 1466 4833 at
1482 4783 1586 4838 comni
1601 4791 1707 4853 regna,
1724 4771 1786 4834 illis
1802 4774 1929 4838 deuictis
1946 4821 1954 4842 ,
1975 4785 2147 4855 occupatu·

359 4858 516 4920 miraculis
531 4861 697 4921 ostendere
718 4859 921 4928 conabuntur,
935 4858 1153 4919 entiobristnrn
1180 4874 1230 4920 ne·
1277 4873 1355 4918 rum.
1379 4858 1490 4933 Tertio,
1506 4857 1705 4920 subactarum
1719 4857 1778 4919 sibi
1789 4857 1868 4920 alins
1877 4863 2003 4936 septem
2024 4875 2147 4938 reges,

358 4940 802 5020 mmessellessiam.ltaqne
819 4943 896 5002 lraee
916 4957 1019 5002 omnia
1036 4941 1227 5002 miraculae-
1275 4945 1359 5000 cecc
1372 4941 1461 5002 modu
1492 4941 1685 5003 monarcham
1717 4940 1808 5001 totius
1834 4942 1940 5002 muudi
1967 4957 2147 5004 ercsumm.

360 5031 441 5093 runt,
454 5024 503 5085 rel
514 5023 703 5097 lnticlrristi,
720 5026 767 5084 rel
784 5025 992 5084 ministrorum
1006 5022 1166 5102 apsiliae
1182 5039 1230 5084 se·
1278 5020 1406 5096 Quarrto,
1420 5039 1492 5084 cum
1502 5022 1721 5086 innumerabili
1737 5023 1872 5085 exercitu
1888 5027 1951 5084 tem
1968 5023 2049 5085 orbe
2065 5025 2145 5086 obri·

359 5105 657 5184 ouitur,Pontilicem
669 5121 731 5166 non
743 5122 813 5167 csse
825 5106 1056 5168 errucbrisinra:
1070 5121 1229 5183 nunonem
1271 5105 1392 5167 -stianos
1407 5113 1687 5184 persequutorum,
1701 5106 1805 5167 nilion
1820 5121 1891 5168 esse
1904 5103 2058 5184 praelium
2083 5105 2149 5183 Gng

359 5190 543 5251 enimullus
560 5187 696 5265 pontiien
707 5188 794 5249 linuit
806 5206 841 5250 se
855 5189 931 5249 mori
945 5197 974 5248 et
990 5201 1231 5261 cosurgerenee
1278 5193 1307 5248 el
1322 5187 1440 5267 llagog.
1458 5189 1593 5264 Quorum
1608 5193 1764 5260 omniurn,
1781 5201 1853 5250 eum
1865 5187 1942 5250 nibil
1971 5188 2005 5249 in
2021 5189 2148 5266 pontili-

359 5271 552 5349 eclipsenel
568 5270 652 5333 ullus
668 5270 737 5351 ejus
752 5272 892 5333 minister
903 5271 1093 5350 iocitlgnem
1107 5271 1147 5332 ‹le
1161 5285 1230 5333 coe·
1277 5285 1344 5330 cern
1362 5287 1520 5332 romanum
1536 5271 1708 5347 conveniam
1721 5271 1861 5348 sepultor
1875 5269 2050 5344 manileste,
2077 5286 2150 5333 eum

361 5353 391 5416 lo
406 5353 611 5423 descendere,
628 5354 676 5414 rel
695 5355 858 5437 imaginem
873 5352 968 5434 loqui.
1276 5353 1495 5430 Antichristum
1513 5353 1596 5414 uallo
1608 5355 1699 5415 medo
1711 5355 1814 5414 iocari
1825 5369 1934 5432 posse.

401 5439 440 5501 nr
452 5436 603 5510 objiciunt
617 5436 900 5516 llagrleburgenses
915 5431 1000 5497 Geni.
1016 5434 1044 5497 l.
1055 5433 1113 5496 tio.
1126 5435 1228 5514 zcap.
1317 5433 1361 5498 De
1373 5437 1470 5512 primo
1481 5436 1670 5509 siclnuultnr
1684 5435 1802 5496 baniel:
1819 5452 1887 5514 esp.
1907 5435 1954 5497 lt.
1965 5433 2087 5502 stabit,
2102 5436 2152 5512 in·

362 5516 396 5579 l.
409 5519 471 5580 col.
486 5517 559 5581 teo.
575 5518 719 5581 lliracole
735 5518 894 5583 mendacia
918 5517 1013 5578 multa
1030 5517 1107 5578 lacta
1128 5532 1199 5580 esse
1215 5535 1231 5579 a
1273 5518 1354 5595 unit.
1365 5521 1402 5580 in
1417 5519 1485 5583 loeo
1501 5518 1570 5593 ejus
1585 5520 1750 5596 ompecins
1768 5563 1776 5590 ,
1801 5523 1830 5580 ci
1843 5533 1912 5580 non
1937 5517 2101 5580 tribuetur
2118 5518 2153 5578 si

362 5599 542 5678 pontificiis:
568 5600 686 5676 Qnuiio
707 5607 796 5670 suot,
813 5604 981 5677 inquinat,
1003 5601 1143 5664 nmiones
1154 5604 1229 5664 uni·
1276 5601 1380 5666 bonor
1393 5603 1513 5679 regiam.
1531 5604 1676 5662 clamitet
1687 5601 1782 5672 olom,
1797 5607 1825 5663 et
1837 5600 1990 5664 obtinebit
2002 5615 2155 5678 reperiam

359 5699 492 5746 murum
505 5683 731 5760 fabulantium
744 5685 786 5747 (ic
797 5683 998 5764 perpeteris,
1012 5691 1042 5745 et
1053 5686 1229 5762 peccarium
1261 5687 1314 5747 ,in
1326 5685 1565 5761 fraudolentia.
1583 5683 1678 5757 Quem
1695 5685 1724 5744 lu
1736 5685 1838 5746 locum
1851 5683 2056 5763 Hieronpmns
2065 5684 2154 5744 seri·

361 5769 477 5829 mimos
489 5767 778 5844 proeocclebmri,
794 5767 994 5832 eismittoees
1016 5766 1227 5840 morborum,
1275 5767 1330 5834 bit.
1350 5768 1431 5844 auno
1446 5769 1504 5827 atsi
1529 5767 1604 5829 baec
1630 5767 1842 5844 intelliguntur
1862 5767 1966 5846 aliquo
1990 5766 2088 5828 morlo
2110 5765 2156 5828 rle

361 5849 846 5927 quaeraminerrmtcclcnribm
866 5855 1005 5923 etotocn,
1021 5846 1230 5912 cnt'nooenri»
1275 5849 1425 5912 Aulioelro
1437 5850 1607 5930 lipiplranc3
1619 5855 1721 5910 mnten
1734 5852 1824 5928 longe
1835 5847 2157 5928 periecriusmrpmu

360 5931 567 5996 boematum.
1274 5931 1316 5992 oe
1332 5939 1404 5994 sunt
1418 5931 1654 6002 mituliclaristo,
1671 5931 2157 6012 quemadmodumquacrlicuu·

400 6013 586 6091 occeanum
599 6014 754 6094 inprimis:
765 6015 910 6080 ilnnsuot
924 6017 980 6080 iste
990 6015 1140 6089 miracula
1154 6027 1233 6094 guae
1283 6019 1330 6078 tur
1346 6015 1377 6076 tn
1389 6016 1467 6094 psal.
1485 6014 1534 6080 tl.
1551 6015 1590 6076 de
1606 6013 1779 6092 Salornonc,
1790 6014 2002 6095 intelliguntur
2012 6015 2157 6094 rpeiam
