4792 7009
893 1121 1066 1226 paraus
1100 1114 1322 1222 Qurnros
1368 1125 1399 1187 a
1489 1201 1493 1209 ,

404 1462 409 1477 ’
514 1518 516 1521 ·
661 1398 855 1676 ou
953 1451 1661 1680 uuurs'ro
1883 1680 1893 1690 ,

747 1920 811 2009 aar
834 1870 942 1991 ata
966 1918 1153 2002 areunae,
1182 1921 1302 2008 aare
1325 1918 1434 1988 menta
1528 1878 1529 1885 ‘

547 2859 665 2922 CAPUT
680 2857 824 2920 ltltlllllll
991 2936 994 2944 Ι
1156 2851 1270 2934 nemsi
1280 2864 1362 2924 bons
1376 2861 1508 2942 primum
1525 2862 1746 2943 ignoscerotgot
1761 2864 1853 2927 bomo
1870 2863 2020 2946 deinceps

430 2949 434 2958 '
523 2969 526 2976 ·
561 3006 565 3015 ,
1021 3024 1023 3027 ¹
1155 2948 1185 3008 in
1202 2945 1256 3007 liei
1272 2945 1569 3024 Fidepormaneret.

235 3027 443 3108 neptteotur
457 3026 614 3096 breuiter-¹,
640 3025 820 3086 sectatorem
840 3037 940 3104 qatom
953 3029 1110 3088 notorem
1194 3027 1338 3091 Secundo
1353 3027 1533 3102 ‚referendo
1549 3030 1622 3090 lrino
1647 3028 1719 3096 iude
1745 3033 1844 3108 pacta,
1867 3035 1899 3095 et
1914 3030 2021 3094 eondi-

495 3108 636 3172 Cbrr'stos
649 3109 692 3169 sit
701 3107 869 3170 Mediator.
1153 3112 1254 3174 tiones
1269 3112 1428 3190 utriusque
1444 3112 1614 3190 partisque
1630 3111 1721 3174 ruodo
1735 3128 1845 3180 ¹omnes
1856 3113 2018 3177 internun-

414 3221 418 3228 ·
474 3210 478 3221 ·
1048 3217 1053 3224 ·
1153 3196 1192 3258 eii
1209 3193 1268 3256 diui
1282 3199 1411 3274 possunt
1427 3191 1662 3256 mediatoresllt
1673 3193 1705 3256 in
1720 3194 1778 3255 bae
1792 3195 2019 3275 significatione

281 3275 372 3340 boae
388 3279 555 3356 supersunt
569 3273 608 3335 de
624 3272 744 3334 cbristo
759 3271 983 3349 disputationes
1000 3290 1009 3348 3
1026 3287 1108 3344 uua,
1125 3351 1128 3355 ‚
1152 3274 1273 3340 ridetur
1288 3275 1505 3354 accipiendum
1521 3287 1633 3340 nornen
1649 3275 1912 3354 llediatoris,oum
1934 3277 2016 3358 liop-

236 3361 417 3422 seeundum
431 3374 523 3437 quam
546 3363 682 3418 naturam
698 3353 835 3416 Christus
846 3353 1050 3417 sitMedifltot:
1067 3355 1111 3416 al·
1153 3377 1205 3422 ses
1218 3359 1292 3420 dioit
1305 3359 1429 3420 Denter.
1446 3357 1476 3420 5.
1500 3357 1566 3436 apo
1586 3365 1748 3439 sequester·
1762 3361 1889 3424 medius
1917 3367 1946 3423 ot
1965 3359 2016 3436 [toi

237 3451 320 3516 tera,
341 3459 419 3506 num
435 3445 550 3503 tautum
572 3437 663 3499 nobis
676 3460 688 3510 ‚·
701 3453 739 3497 au
760 3437 850 3498 etiam
876 3437 935 3498 sibi
963 3437 1111 3499 mediator
1150 3445 1238 3506 inter
1252 3438 1427 3503 Dominum
1442 3445 1471 3502 et
1484 3443 1551 3514 aas,
1574 3441 1612 3503 ia
1626 3441 1681 3504 illo
1697 3447 1848 3520 tonepore.
1869 3443 1906 3506 Et
1918 3443 2014 3508 Galat.

239 3525 517 3604 cbristusaliquid
533 3521 599 3584 suis
613 3520 761 3598 operibus
776 3526 807 3580 ot
820 3519 977 3581 laboribus
991 3535 1110 3598 promo·
1153 3527 1183 3588 3,
1203 3525 1360 3589 Ordinato
1376 3527 1421 3585 ost
1434 3523 1489 3586 leae
1501 3537 1561 3603 por
1584 3525 1715 3604 oupelos
1729 3525 1766 3588 in
1778 3542 1882 3590 mono
1895 3525 2021 3589 medio-

235 3605 712 3686 ruerit3quibusquaestionibus
724 3603 913 3682 explioandis
922 3609 1110 3682 postremum
1152 3605 1503 3686 torisidestllopsisllt
1519 3607 1569 3668 bio
1584 3607 1674 3669 ettam
1686 3609 1797 3670 modus
1813 3603 1933 3671 Christo
1949 3625 2026 3670 oon·

233 3692 327 3752 buno
343 3692 473 3763 librum,
490 3705 547 3751 seu
562 3688 663 3765 potius
677 3685 816 3748 libellum
832 3685 1053 3747 dedicavimus,
1154 3691 1249 3762 senil,
1267 3691 1318 3769 qui
1331 3689 1716 3759 annunciavitbominibus
1738 3689 1794 3752 liei
1808 3692 2021 3768 voluntatem,

279 3772 436 3854 Utigitur
449 3786 466 3833 a
480 3772 582 3850 priore
596 3768 780 3847 in'eipiamus
797 3814 805 3838 ,
822 3767 1038 3845 explicandum
1053 3768 1112 3829 orit
1155 3780 1187 3836 et
1201 3773 1309 3852 leges:
1334 3779 1364 3833 et
1379 3778 1540 3850 propterea
1557 3772 1670 3834 dieitur
1685 3771 1813 3834 Malaolr.
1830 3773 1861 3836 3.
1878 3773 2038 3854 alapatus

234 3856 342 3931 initio,
357 3855 436 3934 quid
450 3855 491 3916 sit
505 3853 627 3932 proprie
651 3850 812 3912 mediator.
831 3849 981 3913 locamus
998 3852 1112 3912 media·
1156 3855 1358 3919 Testamenti:
1376 3861 1405 3914 et
1427 3853 1464 3914 ad
1479 3851 1615 3916 Hebri.
1638 3859 1669 3916 et
1695 3854 1744 3919 ta.
1770 3855 1930 3920 Mediator
1943 3857 2023 3920 noui

235 3945 345 4000 torem
362 3953 448 4007 eum,
472 3937 524 4015 (tui
540 3936 620 3996 iulet
634 3931 965 4011 aliquosfflssidesstssb
981 3939 1032 4012 dui
1047 3949 1113 3994 tet·
1157 3937 1356 4002 Testamenti.
1370 3935 1426 3998 Ubi
1441 3935 1552 3998 Paulus
1565 3935 1672 3998 alludit
1686 3938 1724 3998 ad
1737 3935 1875 4018 llupsen,
1897 3939 1948 4020 qui
1965 3937 2024 4002 tuit

236 4028 271 4082 te
286 4028 356 4082 non
374 4017 567 4098 conjuuetos·
580 4016 716 4078 medium
741 4029 775 4076 se
791 4016 978 4092 interponit,
1004 4021 1037 4076 ut
1058 4031 1113 4077 eos
1155 4021 1304 4085 mediator
1317 4017 1501 4081 Testamenti
1515 4020 1640 4081 veteris.

236 4103 424 4182 redigatad
441 4101 655 4171 concordium,
680 4097 729 4159 rel
743 4109 822 4159 noro
846 4095 971 4159 loedere
986 4096 1113 4177 oo'njun·
1196 4103 1308 4172 lertio,
1325 4101 1440 4164 orando
1456 4107 1486 4162 et
1497 4099 1700 4180 supplicando
1716 4102 1769 4162 uni
1785 4102 1860 4174 parti
1874 4117 1929 4182 pro
1945 4102 2022 4164 alte·

235 4191 302 4265 gat:
317 4184 476 4264 oontingit
490 4188 590 4247 autem
605 4178 1114 4258 noo-dupliciter.l’rtrno,persub·
1156 4203 1203 4250 ra.
1214 4185 1248 4267 ld
1264 4199 1387 4264 quoque
1399 4183 1542 4245 convenit
1557 4181 1689 4246 Christo.
1707 4183 1758 4262 qui
1774 4183 1862 4246 Rom.
1885 4184 1916 4247 8.
1945 4183 2022 4247 diei-

236 4267 426 4331 stautialera
448 4266 580 4345 aliquam
604 4262 832 4326 mediationem.
855 4261 1019 4336 Seeuudo,
1057 4279 1114 4342 per
1156 4264 2022 4348 turlnterpetlorepronobis.Etl.Jo.2.dioiturrld·

236 4350 475 4432 operationem.
1158 4355 1291 4415 ooootns
1305 4354 1424 4412 noster.

276 4434 390 4495 Primo
407 4431 499 4492 modo
514 4428 651 4491 cbristus
666 4424 840 4505 dioipotest
860 4425 1024 4500 mediator,
1041 4445 1114 4507 qua·
1199 4433 1310 4508 Quarto
1325 4479 1333 4504 ,
1351 4429 1499 4494 solvendo
1516 4433 1547 4491 et
1561 4427 1777 4492 satisfaciendo
1798 4429 1851 4491 uui
1874 4429 1951 4509 parti
1967 4447 2024 4512 pro

235 4521 339 4579 tenus
354 4513 565 4594 personalitas
580 4511 649 4590 eius
664 4509 823 4590 eonjuurit
846 4524 924 4571 noto
937 4515 967 4570 et
981 4509 1112 4571 mirabili
1157 4515 1264 4578 altera:
1276 4521 1306 4576 et
1319 4513 1370 4580 hio
1386 4513 1496 4576 modus
1512 4512 1705 4576 mediationis
1721 4504 1934 4591 propriissime
1950 4530 2025 4578 oon·

234 4599 376 4661 foedere
394 4597 530 4658 divinam
545 4600 575 4656 et
589 4596 751 4656 humanam
767 4597 915 4653 naturam.
937 4591 974 4653 tlt
986 4593 1060 4655 licet
1074 4593 1113 4655 de
1156 4599 1243 4660 venit
1259 4596 1391 4668 Christo,
1411 4595 1510 4676 quiin
1527 4602 1597 4658 nota
1613 4593 1768 4672 Soriptura
1791 4595 2024 4668 describiturut

232 4683 296 4744 bae
308 4679 509 4743 mediatione
520 4691 616 4756 saepe
629 4677 794 4756 loquantur
803 4673 917 4750 Patres,
934 4679 1034 4736 tamen
1050 4691 1114 4738 non
1157 4681 1257 4742 hostia
1272 4695 1327 4759 pro
1342 4685 1480 4758 peceato.
1496 4676 1569 4740 ldeo
1586 4677 1614 4738 l.
1631 4677 1708 4739 lim.
1724 4677 1753 4738 l.
1769 4683 1931 4758 postquam
1943 4678 2024 4757 apo-

232 4770 286 4827 est
301 4781 355 4834 ea,
373 4763 419 4825 de
434 4778 493 4840 qua
507 4775 591 4822 nune
606 4759 819 4837 disputamus:
835 4772 905 4818 nam
927 4757 965 4819 de
977 4755 1035 4818 ista
1051 4774 1113 4820 me·
1158 4765 1256 4825 stolus
1278 4761 1414 4822 dixerat:
1436 4759 1520 4823 Unus
1531 4759 1694 4826 mediotor
1717 4757 1775 4822 Dei
1799 4765 1828 4822 et
1855 4761 2025 4824 bominum

233 4849 390 4910 diutione
408 4861 473 4905 uon
490 4851 538 4906 est
547 4859 626 4922 opus
642 4855 812 4920 quaerere,
839 4839 1010 4901 seeundum
1024 4857 1116 4919 quam
1158 4846 1251 4908 bomo
1263 4843 1596 4922 cbristuslesusmox
1608 4841 1723 4903 addidit
1735 4859 1887 4916 caussam,
1900 4843 2021 4905 dieens:

231 4937 389 4993 naturam
404 4926 480 5003 ilat3
495 4941 558 4987 uon
573 4924 656 4987 enim
675 4923 710 4985 iit
729 4922 900 4985 seeundum
915 4923 1047 5000 aliquam
1061 4939 1113 4984 aa·
1162 4927 1223 5003 Qui
1238 4927 1326 4989 dedit
1339 4926 1546 5005 semetipsum
1559 4925 1815 5004 redemptionem
1828 4925 2022 5003 promeritis.

231 5007 632 5085 turam‚=seds'eouudum
644 5005 986 5085 personalitatemquae
1000 5021 1115 5067 oonne·
1158 5011 1195 5072 ut
1209 5009 1280 5073 ideo
1296 5008 1386 5070 etiarn
1401 5009 1486 5070 bom.
1502 5007 1533 5068 8.
1551 5014 1581 5070 et
1597 5009 1624 5068 l.
1641 5005 1688 5069 lo.
1702 5007 1732 5067 2.
1749 5007 1801 5070 ubi
1815 5007 1925 5088 dieitur
1938 5007 2023 5072 Cirri-

232 5099 292 5158 etit
307 5099 397 5160 duas
413 5098 550 5154 naturas
567 5091 737 5163 Praeterea,
754 5089 810 5151 ista
826 5088 969 5149 mediatio
984 5103 1045 5148 nou
1068 5096 1116 5150 est
1159 5099 1225 5156 stus
1240 5093 1403 5156 advocatus
1419 5097 1450 5154 et
1461 5089 1670 5168 interpellator
1684 5091 1763 5167 apud
1785 5089 1882 5151 Deum
1899 5105 1953 5168 pro
1968 5105 2027 5152 uo·

231 5182 321 5241 inter
337 5183 472 5238 naturas
487 5173 749 5248 dissidentesmeo
763 5170 845 5233 enirn
857 5186 991 5248 unquam
1005 5169 1116 5232 Christi
1160 5176 1220 5242 bis,
1245 5191 1305 5236 nou
1322 5173 1432 5234 dieitur
1445 5189 1526 5235 unns
1543 5171 1716 5246 advocatus,
1734 5177 1785 5234 aut
1799 5173 2024 5248 interpellator,
2135 5171 2137 5176 '

231 5261 431 5325 humanitas
445 5253 503 5318 luit
517 5255 666 5317 contraria
681 5253 851 5315 divinitati:
877 5269 935 5314 nos
954 5260 1054 5314 autern
1072 5254 1116 5314 lo·
1160 5257 1231 5335 quia
1248 5258 1338 5319 etiarn
1356 5256 1406 5317 alii
1423 5255 1620 5334 interpellant
1641 5270 1696 5334 pro
1713 5254 1836 5316 bobis:
1862 5271 1922 5316 neo
1937 5253 2024 5320 solus

232 5347 372 5422 quimur
394 5343 438 5402 de
450 5339 647 5409 mediatione,
664 5353 723 5414 qua
743 5335 881 5399 cbristus
897 5337 1046 5398 innoeens
1062 5336 1115 5398 Pa·
1160 5343 1228 5420 ipse
1244 5339 1392 5401 mediator
1406 5337 1460 5399 luit
1475 5353 1530 5417 per
1545 5337 1666 5398 modurn
1682 5337 1785 5398 arbitri
1800 5353 1854 5397 suu
1868 5337 2027 5400 internun-

232 5429 272 5490 tri
297 5421 525 5489 reconciliavit
539 5426 728 5500 peccatores·
1161 5424 1212 5494 eii,
1230 5421 1285 5483 sed
1301 5423 1391 5484 etianr
1404 5421 1537 5500 llopses3
1554 5426 1583 5481 at
1598 5421 1682 5481 solus
1697 5420 1765 5497 ipse
1781 5437 1835 5498 pro
1851 5419 1941 5482 nobis
1964 5419 2027 5482 sol·

276 5509 418 5572 (imissa
435 5505 527 5584 igitur
541 5501 732 5564 substantiali
748 5499 804 5562 bao
819 5501 1024 5564 mediatione.
1053 5501 1116 5561 lle·
1161 5503 1214 5570 rit,
1230 5519 1350 5582 nosque
1365 5503 1488 5581 proprio
1503 5503 1654 5580 sanguino
1669 5501 1733 5564 Deo
1749 5501 1966 5564 reconciliavit.
1988 5569 1992 5576 ,

234 5593 350 5670 diario,
371 5604 460 5668 quae
474 5589 612 5667 inopere
627 5585 789 5658 consistit,
807 5589 935 5661 quatuor
948 5583 1048 5645 modis
1064 5598 1117 5662 po·
1203 5585 1309 5660 ltaque
1324 5591 1386 5647 tres
1403 5585 1483 5647 modi
1497 5585 1614 5664 priores
1628 5583 1832 5656 mediationis,
1846 5600 2027 5648 communes

234 5683 300 5740 test
317 5675 410 5736 lieri.
1123 5663 1127 5669 ’
1164 5673 1236 5728 sunt
1251 5665 1370 5729 Gbristo
1386 5685 1457 5728 ourn
1472 5668 1562 5740 aliis,
1580 5671 1704 5746 quartus
1719 5669 1842 5745 proprie
1869 5668 1926 5729 soli
1943 5667 2027 5730 Cirri-

278 5760 409 5830 Primo‚
429 5750 646 5821 discernendo,
660 5755 691 5812 et
702 5746 869 5829 judicando
884 5762 1118 5826 caussamouo·
1165 5755 1212 5812 sto
1228 5749 1381 5830 convenit.
1397 5747 1461 5811 lloo
1477 5755 1578 5810 tamen
1595 5752 1662 5810 loeo
1688 5751 1726 5810 de
1753 5750 1896 5812 omnibus
1924 5749 2027 5812 modis

233 5844 337 5905 modo
356 5835 472 5900 arbitri
495 5833 556 5896 diei
571 5835 701 5912 possunt
726 5831 921 5893 mediatores.
944 5830 982 5890 ln
996 5831 1045 5891 bio
1062 5827 1122 5908 pri·
1166 5837 1268 5912 potest
1283 5830 1412 5910 intelligi
1428 5832 1566 5910 qrtaestio
1581 5839 1696 5906 nostra,
1714 5847 1772 5910 qua
1790 5833 2026 5912 investigamus,

234 5943 311 5987 mus
339 5921 464 5984 modos
477 5917 619 5979 tribuitur
633 5915 752 5978 cbristo
768 5913 806 5974 ab
831 5911 992 5973 Ambrosio
1004 5911 1035 5972 in
1052 5929 1120 5989 eap.
1167 5915 1339 5978 seeundum
1354 5929 1445 5992 quarn
1459 5911 1722 5978 naturamcnrtsto
1738 5915 1898 5988 conveniat
1914 5913 2029 5978 media·

233 6008 267 6070 2.
288 6009 323 6069 l.
343 6005 388 6068 ad
408 6001 543 6063 Timotb.
560 6000 634 6062 dioit
648 5994 942 6069 enimlmbrosius‚
970 5994 1123 6057 Christum
1168 6000 1243 6062 toris
1259 5993 1404 6059 oilioium.

231 6092 362 6154 laetum
380 6103 401 6148 a
419 6083 652 6157 beoarbitrum
665 6076 1058 6160 judicassesiolieriposse
1070 6095 1121 6156 pa·
1210 6080 1264 6144 Est
1279 6085 1377 6143 autem
1405 6079 1556 6144 sententia
1581 6079 1753 6144 eommunis
1780 6079 2028 6150 catholicorum,

402 6188 575 6247 Reiorum.
594 6186 653 6244 Vol.
673 6186 694 6242 l.
1814 6181 1850 6236 aa
