4792 7009
421 674 455 729 i0
1120 667 1165 726 tn
1184 667 1365 730 LECTOREM

347 805 475 870 debent.
488 803 680 886 Quapropter
693 809 764 883 post
779 801 948 883 insignium
960 801 1093 866 uirorum
1105 803 1218 868 doetis-
1264 817 1374 868 ornnes
1389 804 1625 885 complecterer,
1637 820 1674 868 ac
1686 803 1795 885 partim
1808 819 1873 870 eas
1892 801 1935 866 in
1954 803 2020 864 sua
2042 805 2131 870 mente

346 891 444 951 simos
465 888 599 964 labores,
623 885 656 949 id
681 886 774 949 etiarn
800 885 969 948 desiderari
993 885 1163 960 ridebatur,
1185 892 1220 950 ut
1265 886 2134 968 tribuerempartimeumaliisjungerem,etcnputarao.

345 970 575 1034 controversiae
587 985 698 1032 omnes
711 968 743 1028 in
756 983 852 1030 unum
868 967 956 1048 quasi
972 983 1086 1047 corpus
1096 968 1219 1048 redige·
1265 969 1368 1032 utalia
1384 969 1475 1032 aliam
1490 975 1621 1043 sereret,
1638 970 1737 1032 etalio
1753 971 1930 1050 penderet
1945 969 1984 1028 et
1997 981 2134 1036 nasceretur

344 1059 463 1126 rentur,
477 1059 625 1132 certaque
636 1051 755 1112 ratione
771 1057 801 1112 et
812 1051 859 1112 ria
874 1049 914 1111 ita
927 1056 1175 1128 proponerentur
1190 1055 1221 1114 et
1266 1065 1304 1112 ex
1319 1051 1390 1127 alia,
1413 1057 1445 1114 et
1466 1067 1503 1114 ex
1518 1052 1664 1115 omuibus
1679 1069 1774 1114 uuum
1790 1051 1986 1115 doetrinae
2003 1057 2135 1127 corpusn-

345 1134 585 1213 explicarentur,
595 1138 629 1196 ut
639 1148 734 1212 paruo
749 1138 900 1210 tempore,
913 1131 997 1194 iacili
1011 1137 1220 1212 sumptu,nec
1266 1138 1387 1212 tegrum
1410 1139 1442 1196 et
1461 1133 1645 1214 perlectum,
1666 1136 1796 1214 suisque
1810 1131 1987 1196 numeris
2004 1129 2134 1202 absoluta

344 1232 457 1297 magno
472 1217 590 1291 labore,
618 1230 656 1277 ea
678 1230 740 1276 uno
755 1213 1003 1286 armamentario,
1020 1214 1073 1292 qui
1088 1214 1217 1289 rolleni,
1265 1215 1422 1278 existeret.
1441 1215 1525 1290 Quae
1540 1222 1664 1278 nostrae
1679 1215 1927 1296 disputationes
1961 1211 2009 1274 ab
2033 1217 2134 1280 auditui·
2162 1253 2163 1264 ι

345 1315 428 1361 arma
443 1304 596 1378 peterent,
620 1296 735 1376 quibus
757 1302 923 1374 utcumque
938 1296 1047 1359 saltem
1062 1296 1215 1372 instructi,
1264 1296 1325 1360 hus
1336 1298 1469 1376 primum
1484 1297 1516 1359 in
1528 1298 1688 1378 gymnasio
1701 1298 1782 1361 iuter
1792 1295 2007 1361 ducendum
2020 1305 2134 1378 excepta,

345 1379 415 1444 sine
429 1397 542 1460 magno
563 1394 621 1443 suo
643 1378 781 1458 periculo
796 1379 943 1440 adversus
958 1378 1065 1440 hostes
1090 1378 1124 1439 in
1148 1378 1216 1441 acic
1266 1378 1381 1442 dcinde
1396 1397 1413 1442 a
1428 1379 1534 1442 multis
1550 1383 1662 1443 iterum
1677 1386 1768 1459 atquc
1783 1381 1910 1442 iterum
1930 1393 2010 1440 non
2028 1379 2088 1442 sine
2100 1399 2135 1445 nr
2164 1413 2165 1442 r

345 1467 474 1526 starent.
492 1461 580 1541 erod
598 1461 724 1539 quidem
740 1476 798 1540 ego
820 1475 882 1522 non
903 1475 973 1522 inea
995 1475 1072 1522 saue
1092 1466 1216 1538 sponte,
1265 1477 1327 1540 gno
1343 1462 1390 1524 rel
1412 1461 1532 1537 labore,
1554 1463 1603 1525 rel
1626 1470 1757 1542 sumptu
1774 1462 1994 1540 descriptae,
2023 1467 2102 1537 utque
2115 1467 2134 1528 rt

344 1541 1217 1624 sedsuperiorummeorumJussueiiicereconatussum3
1262 1543 1343 1606 uaria
1367 1544 1435 1606 loca
1456 1543 1588 1617 delatae,
1613 1549 1693 1606 tanta
1708 1545 1926 1608 contentione
1960 1541 2008 1606 ad
2037 1545 2135 1621 procl·

345 1642 382 1688 an
399 1627 595 1706 perfecerim,
617 1626 747 1688 aliorum
769 1625 828 1687 erit
846 1623 1011 1703 judicium.
1035 1623 1215 1701 Caeterum,
1263 1631 1392 1704 coeptae
1407 1633 1481 1688 sunt
1495 1627 1656 1705 postulari,
1683 1633 1717 1688 nt
1731 1626 1822 1691 etiam
1839 1624 1958 1704 aliqui
1979 1624 2136 1690 minarentur

345 1709 417 1786 qnia
437 1725 541 1788 genus
561 1709 665 1788 ipsunt
680 1705 858 1785 scriptionis
880 1706 1078 1768 utilissimum
1093 1706 1217 1768 rideba-
1262 1722 1297 1770 se
1314 1708 1395 1788 typis
1410 1723 1464 1770 cas
1479 1708 1571 1771 nobis
1584 1708 1687 1770 inritis
1702 1726 1738 1772 ac
1753 1707 2038 1788 repugnantibus
2050 1711 2134 1772 mard-

343 1797 407 1865 tur,
431 1792 656 1872 disputationes
671 1790 766 1851 hasce
781 1789 813 1849 in
828 1789 930 1850 iucem
946 1788 1101 1862 dedimus,
1125 1793 1158 1850 ut
1178 1789 1218 1852 iis
1263 1795 1359 1853 turos.
1377 1789 1478 1868 Quare
1493 1797 1619 1854 coaetus
1634 1807 1715 1866 sum,
1729 1807 1809 1869 opus
1825 1791 1949 1854 adlruc
1968 1789 2056 1850 rude
2069 1798 2094 1851 et
2106 1795 2134 1852 io·

346 1878 470 1936 utantur
498 1873 552 1954 qrri
566 1875 682 1947 volent,
699 1871 800 1932 donec
814 1869 930 1948 aliquid
956 1870 1081 1948 plenius
1103 1875 1134 1931 et
1155 1873 1218 1933 ola·
1260 1873 1390 1950 politum
1413 1869 1540 1952 (neque
1555 1873 1640 1934 enim
1654 1873 1834 1952 quotidiano
1858 1871 2026 1934 docendi
2043 1887 2133 1935 muner

344 1954 483 2018 horatius
499 1956 538 2017 ab
553 1955 614 2017 alio
629 1955 743 2032 aliquo,
761 1952 813 2031 qui
829 1952 927 2030 magis
943 1953 1080 2015 abundet
1101 1958 1133 2014 et
1153 1953 1216 2015 otio
1261 1953 1442 2032 impeditus
1460 1961 1628 2017 extremam
1643 1955 1688 2016 illi
1705 1971 1830 2019 manum
1845 1953 2042 2032 imponere
2057 1961 2131 2030 potuit

343 2043 374 2098 et
388 2037 515 2116 ingenio
530 2037 563 2098 in
578 2037 689 2100 eodem
704 2050 820 2114 genere
836 2034 975 2112 prodeat.
1260 2035 1330 2113 ipse
1346 2035 1497 2110 emittere,
1521 2052 1562 2098 ue
1577 2052 1689 2117 magno
1704 2053 1774 2100 meo
1789 2053 1860 2099 cum
1877 2036 2015 2098 dolore
2031 2035 2132 2113 dispun-

382 2119 483 2181 'lertio
497 2124 592 2182 restat
606 2135 711 2191 causa,
722 2132 803 2194 quae
817 2131 867 2178 ure
883 2132 944 2177 nnn
960 2114 1213 2192 incitatitmodo,
1260 2119 1362 2182 tiones
1376 2118 1408 2180 in
1424 2119 1542 2180 scholis
1558 2125 1716 2197 exceptos,
1729 2121 1847 2181 lacerus
1859 2116 2035 2180 videlieet
2049 2133 2082 2178 ac
2093 2136 2130 2180 nu

344 2200 400 2262 sed
416 2202 511 2280 plane
527 2200 675 2271 ctiam,ut
689 2199 776 2260 initio
788 2198 942 2269 dicebam,
955 2197 1088 2275 impulit,
1102 2205 1133 2260 et
1144 2214 1215 2260 ene·
1260 2201 1343 2273 titas,
1370 2205 1402 2262 ct
1426 2200 1549 2263 mendis
1576 2201 1716 2280 undique
1730 2201 1875 2276 retortas,
1906 2199 2011 2280 typis
2034 2214 2131 2262 caecus

342 2283 399 2359 git,
422 2290 456 2344 ut
476 2282 574 2345 hosce
595 2282 718 2344 labores
732 2279 902 2359 posteritati
923 2281 1115 2342 insudarem.
1139 2280 1215 2343 Cum
1261 2297 1437 2345 cernerem.

343 2363 630 2445 beataepnemnriae
646 2363 812 2442 Gregorius
825 2361 1050 2441 Xlllponttlex
1064 2379 1216 2440 manger·
1302 2363 1346 2425 Tu
1363 2365 1466 2438 uelim,
1480 2364 1595 2442 optime
1610 2365 1720 2437 lector,
1737 2363 1854 2443 siquid
1870 2363 1942 2426 erit
1960 2362 1999 2424 iu
2016 2361 2130 2424 hiscen

341 2447 482 2510 uranicae
494 2453 586 2525 atque
598 2445 739 2526 anglicae
751 2443 884 2505 notionis
895 2443 1085 2523 adjuvandae
1097 2444 1213 2519 studio,
1259 2446 1517 2524 montanismum
1532 2447 1570 2509 ad
1586 2447 1640 2508 Ilei
1655 2445 1795 2526 pluriam,
1810 2451 1842 2509 et
1852 2445 2042 2508 Ecclesiae
2054 2447 2129 2506 cado

340 2544 557 2607 germanorum
567 2529 790 2607 anglorumque
802 2525 1046 2588 adolescentium
1061 2526 1215 2604 amplissi·
1259 2527 1338 2590 lieae
1353 2529 1515 2590 utilitatem
1537 2529 1593 2591 tibi
1615 2529 1684 2592 usui
1700 2544 1771 2591 esse
1786 2528 1899 2608 possit,
1929 2543 1978 2590 en
2004 2532 2096 2596 utare,
2110 2538 2128 2588 et

340 2626 390 2671 rua
403 2611 464 2674 duo
477 2612 607 2689 collegia
618 2610 650 2670 in
663 2609 739 2670 urbe
751 2607 988 2680 Rorna‚idest‚in
1001 2607 1069 2686 ipsa
1083 2624 1154 2669 arce
1166 2624 1214 2670 re·
1260 2611 1313 2672 uni
1329 2610 1481 2672 bonorum
1497 2611 1614 2673 auctori
1630 2612 1705 2684 Deo,
1723 2626 1786 2672 nun
1800 2609 1892 2683 milri,
1911 2609 2047 2688 gratias
2062 2625 2126 2686 opas:

340 2691 480 2770 ligionis,
494 2693 680 2755 instituisset
697 2709 705 2750 ε
720 2706 755 2752 ca
770 2691 846 2751 milri
859 2690 1016 2769 pruvincia
1029 2690 1213 2752 demandata
1260 2692 1285 2753 si
1303 2693 1377 2771 quid
1389 2707 1460 2755 tero
1475 2692 1556 2754 inter
1569 2694 1737 2772 legendum
1749 2691 1940 2762 occurrerit,
1957 2691 2121 2769 quudsaepa

340 2781 437 2850 estut
447 2791 556 2838 eorum
571 2773 775 2851 collegiorum
787 2772 920 2834 alumnis
935 2773 1162 2834 controuersias
1177 2773 1211 2833 li-
1260 2775 1324 2846 liet,
1341 2780 1393 2836 aut
1406 2775 1500 2837 nimis
1513 2775 1618 2849 breue,
1635 2780 1687 2836 aut
1701 2791 1810 2853 parurn
1824 2772 2021 2849 aequabile,
2037 2774 2125 2833 aulai·

338 2856 498 2936 dei,quem
511 2855 750 2935 diligentissime
762 2861 792 2915 et
806 2854 988 2932 planissime
1001 2854 1067 2916 sseri
1080 2861 1210 2932 poterat,
1260 2873 1320 2919 irus
1335 2856 1461 2935 proprie
1476 2862 1507 2918 et
1521 2857 1681 2937 eleganter
1695 2856 1824 2932 dietum3
1847 2855 1930 2918 illud
1949 2853 2123 2924 memineris,

337 2945 444 3002 uostm
455 2941 488 3000 in
503 2938 663 3018 gymnasio
678 2936 877 3015 explicareur3
893 2943 928 3004 et
939 2936 1027 3014 quasi
1043 2953 1139 2998 novos
1154 2936 1212 3015 Eo·
1258 2955 1322 3000 non
1338 2953 1376 3001 eo
1391 2938 1494 3000 animo
1510 2938 1587 3000 haec
1598 2939 1686 3000 initio
1700 2939 1815 3017 scripta
1829 2936 1945 3011 tuisse,
1968 2943 2006 2998 ut
2022 2937 2124 2996 ederen-
2164 3008 2165 3027 χ

339 3021 454 3084 etesiae
466 3021 627 3097 milites‚iu
639 3020 706 3082 suis
720 3020 858 3098 ipsorum
871 3019 1037 3096 prouinciis
1048 3035 1120 3080 curn
1134 3019 1214 3082 inle-
1259 3026 1319 3094 tur,
1333 3019 1389 3083 sed
1404 3026 1438 3082 ut
1453 3021 1634 3084 memoriam
1648 3037 1749 3084 meam
1764 3021 1844 3082 inter
1859 3018 2054 3082 docendum
2063 3018 2126 3095 juu-

337 3118 444 3165 rururn
455 3104 554 3183 copiis
565 3117 860 3182 congressurospro
872 3116 940 3162 mea
954 3101 1101 3161 tenuitate
1114 3117 1212 3163 arma·
1258 3107 1349 3181 ront3
1377 3118 1436 3165 neo
1450 3103 1606 3182 utromodo
1621 3103 1759 3184 quidque
1774 3101 1908 3181 dicutur,
1927 3100 1994 3166 sed
2011 3100 2082 3180 quid
2092 3098 2122 3160 di·

336 3185 467 3247 remila
479 3187 572 3265 igitur
585 3186 686 3247 oblata
702 3184 868 3245 occasione
884 3196 947 3243 reru
964 3197 1213 3261 aggressus,eam
1259 3191 1355 3264 catur,
1371 3185 1524 3249 attendas.

337 3266 516 3348 disputandi
544 3268 695 3329 rationem
721 3264 807 3341 iniri,
833 3271 868 3326 ut
888 3267 1113 3329 controuersias
1138 3264 1213 3329 iidci
