4792 7009
2198 373 2199 446 l

2198 523 2199 604 l

445 672 498 732 in
1067 673 1113 732 os
1130 673 1269 735 mnino
1300 671 1476 734 3333333

371 813 401 870 et
415 807 538 884 133333,
554 813 585 870 ct
598 807 808 889 concrepabit
830 823 884 872 cus
902 809 941 873 in
952 807 1234 888 preciumque
1281 814 1322 878 tc.
1339 807 1518 872 1311333333
1532 804 1652 870 interim
1668 806 1793 886 3313333
1821 807 2054 885 exinanientis,
2085 807 2146 872 333

370 905 612 956 3333333333
627 893 769 956 33331331
782 908 888 956 arcuo
899 893 1012 956 muria.
1028 892 1068 954 Et
1082 894 1234 956 3333333·
1281 890 1407 970 puellloe
1419 887 1757 962 seruientibustluibue
1771 890 1875 965 linitis,
1893 891 2003 954 iterum
2019 890 2146 954 soluen-

369 978 448 1034 ruut
461 988 560 1050 srcper
574 975 909 1046 1331331333313333,
926 980 955 1038 ct
968 975 1170 1038 circuierunt
1180 992 1234 1036 cu-
1281 976 1355 1048 duin
1366 973 1566 1046 diabolum‚ei
1580 973 1775 1034 exultandum
1786 972 1901 1034 betium
1917 973 2148 1036 atrocissimum

368 1060 438 1116 siro
456 1058 1234 1121 333333333313113133331133133.31333333-
1281 1057 1416 1120 omnium
1432 1053 1580 1134 ycutium,
1640 1071 1676 1116 33
1692 1070 1746 1132 per
1757 1056 1841 1116 mille
1856 1072 1955 1120 nunus
1970 1055 2148 1120 serrieruut

371 1137 419 1200 dic
438 1137 524 1214 lphis
539 1139 579 1200 dc
594 1140 992 1213 3331331333333311333,
1016 1139 1233 1213 3131333133,
1279 1139 1404 1214 secutis,
1428 1141 1584 1210 contrueo
1625 1152 1674 1198 em
1689 1145 1832 1212 sanctos,
1850 1140 2148 1217 ethuceeeeprae·

374 1221 433 1296 qui
446 1221 694 1294 sediminibus,
711 1224 828 1284 eucissus
843 1227 887 1283 ecl
900 1224 938 1283 io
961 1229 1112 1298 elaphum
1135 1223 1232 1296 33313,
1279 1223 1354 1289 llum
1369 1221 1434 1298 Goy
1448 1217 1607 1298 otliagop.
1637 1219 1678 1280 de
1702 1237 1762 1298 quo
1788 1222 1954 1298 loquuntur
1982 1221 2148 1284 Excubui

373 1306 403 1362 et
418 1301 594 1379 sulphuris,
621 1305 679 1366 ubi
700 1311 729 1365 et
755 1303 856 1366 bestie
883 1311 913 1366 ct
935 1304 1236 1382 pseudoprophetae
1278 1301 1792 1384 1333333333133331313131133
1818 1303 2005 1366 occidendus
2030 1319 2144 1366 emes

373 1383 671 1449 33331333333333
686 1403 725 1448 oe
748 1393 842 1448 nocte
868 1388 906 1451 13
931 1386 1065 1449 soeculo
1090 1387 1235 1449 soeculo-
1278 1387 1435 1466 imploret
1451 1390 1522 1446 tuuc
1537 1383 1666 1446 tutorum
1685 1385 1853 1448 secundem
1869 1385 2145 1460 ressurrectionem,

371 1481 457 1528 cunr.
466 1465 520 1528 His
534 1468 636 1530 uerbis
651 1469 834 1532 describitur
848 1467 951 1530 ultima
965 1469 1180 1548 persequutio,
1205 1476 1237 1533 ct
1279 1477 1310 1532 et
1325 1466 1473 1530 muudum
1489 1467 1611 1544 penitus
1626 1467 1845 1530 innovandum.
1892 1531 1894 1534 ,
2123 1513 2126 1518 .

372 1548 442 1610 tlois
458 1547 537 1627 ejus.
555 1550 597 1610 lle
614 1567 672 1628 quo
687 1567 721 1613 rc
736 1552 781 1612 sic
805 1552 938 1630 loquitur
964 1552 1149 1626 Augustinus
1177 1551 1233 1612 lib.
1319 1551 1402 1614 llaec
1416 1547 1521 1628 opinio
1532 1548 1588 1610 luit
1602 1549 1691 1612 etiem
1709 1551 1871 1612 multorum
1883 1553 2081 1622 ueterumut
2095 1551 2147 1612 Pa·

372 1629 423 1690 23.
441 1631 478 1692 33
489 1629 574 1692 civit.
590 1630 657 1708 1131,
686 1650 754 1712 cop.
785 1634 835 1694 ll.
858 1634 944 1694 llaec
972 1635 1032 1696 crit
1057 1634 1236 1696 3331333333
1277 1633 1359 1716 piae,
1375 1630 1499 1706 1331131,
1515 1630 1645 1707 1333331,
1668 1630 1872 1706 Tertulliani,
1894 1630 2096 1710 Apollinaris,
2120 1641 2149 1695 et

369 1714 576 1791 persequutio
590 1715 770 1796 3331331333
783 1717 974 1777 luceducente
990 1715 1236 1795 juctcmqumu
1278 1715 1478 1792 quorumdam
1493 1715 1634 1787 aliorum,
1649 1720 1682 1776 ut
1694 1715 1787 1776 reteri
1800 1715 2012 1795 ,Hieronymus
2023 1716 2060 1776 in
2077 1733 2146 1793 cap.
2198 1763 2199 1782 2

370 1800 486 1856 333313
505 1793 651 1858 Ecclesia
665 1801 727 1858 ium
743 1802 905 1861 terrorum
919 1797 994 1860 urbe
1005 1802 1169 1876 3333133,
1195 1814 1234 1862 3·
1279 1799 1329 1862 33.
1346 1797 1458 1860 Erech.
1476 1804 1506 1858 ct
1517 1795 1672 1859 Eusebius
1687 1796 1741 1858 lib.
1758 1795 1788 1858 3.
1816 1797 1887 1858 trist.
1911 1814 1982 1877 cep.
2010 1798 2071 1860 ult.
2087 1799 2148 1862 Sed
2198 1797 2199 1804 ’

370 1876 502 1938 3133333
514 1878 636 1940 scilicet
650 1882 760 1941 333333
779 1880 895 1942 Christi
922 1879 962 1942 33
983 1883 1139 1944 uniuersa
1162 1881 1233 1942 313-
1277 1879 1458 1962 jamdudum
1470 1881 1594 1957 explosa
1611 1885 1659 1940 esi
1673 1885 1814 1957 tauquam
1839 1895 1925 1942 error
1952 1881 2147 1959 exploratus.

372 1955 437 2022 boii
451 1959 592 2035 ciuitate,
607 1968 870 2043 quantocumque
885 1964 945 2024 crit
970 1970 1110 2042 333333
1135 1978 1234 2040 suspen
1277 1963 1426 2026 Dominus
1441 1961 1642 2024 3333313113.
1659 1957 1711 2024 21.
1734 1968 1764 2022 31
1780 1961 1829 2024 23.
1847 1965 1952 2040 aperte
1967 1963 2149 2041 docet‚pust

371 2045 503 2103 1333333.
516 2040 632 2104 Similia
657 2045 808 2106 13333133
834 2045 1005 2106 Ezechielis
1019 2045 1069 2106 38.
1087 2045 1137 2108 33.
1154 2060 1234 2124 quuc
1277 2043 2149 2125 Antichristiperscquuitouemsuanmiuturumjudioium

372 2130 443 2184 sunt
457 2123 590 2185 breviter
604 2129 785 2203 exponendo
814 2133 938 2207 propter
966 2129 1078 2190 multus
1095 2176 1103 2203 ‚
1126 2127 1234 2206 quide
1269 2125 1470 2202 'ultimuimet
1482 2127 1579 2192 ituros
1593 2127 1812 2188 omues-bonos
1827 2128 1858 2188 in
1870 2129 1959 2188 vitam
1972 2134 2145 2196 ueternum,

372 2204 428 2265 hac
441 2221 477 2266 re
500 2207 681 2270 exstiterunt
696 2225 828 2272 errores.
895 2219 897 2224 ·
1279 2227 1386 2274 omnes
1398 2209 1496 2272 mulos
1512 2210 1542 2270 iu
1557 2207 1661 2286 ignem
1674 2215 1844 2286 aeteruum3
1870 2225 1905 2274 ac
1933 2209 2073 2288 proinde
2088 2227 2147 2272 nou

1277 2294 1378 2358 lotura
1392 2291 1553 2372 postellus
1568 2291 1652 2353 mille
1666 2307 1837 2367 anuosmec
1851 2292 2148 2372 uuque'mdeincepu

656 2540 660 2548 ἱ
701 2454 819 2517 CAPUT
834 2457 927 2520 11111.
1277 2375 1599 2535 uniueiilaegginioest
1611 2454 1749 2528 11333311,
1772 2455 1825 2535 331
1839 2455 1895 2518 lib.
1922 2455 1954 2519 c.
1970 2455 2146 2520 demonstr.

1278 2557 1386 2621 crong.
1399 2556 1467 2620 cap.
1484 2539 1515 2602 3.
1531 2539 1693 2611 existimat,
1704 2538 1768 2618 333
1783 2554 1853 2602 esse
1864 2539 2089 2618 imperatorem
2104 2557 2148 2600 ro·

1099 2683 1102 2686 ,
1277 2639 1414 2695 manum-
1438 2627 1468 2688 et
1481 2623 1589 2704 lleyoy
1604 2621 1767 2702 imperium
1783 2621 1863 2702 ejus.
1874 2620 1934 2684 Sed
1947 2621 2059 2684 nititur
2074 2622 2147 2684 laiso

645 2702 688 2762 lie
705 2702 770 2782 tlop
784 2708 814 2766 ei
827 2704 963 2784 lluyop.¹
1278 2703 1721 2770 1333333313113333113313
1737 2704 1816 2765 banc
1831 2703 2011 2782 opinionem
2026 2720 2068 2767 ex
2080 2721 2147 2783 cap.

873 2816 876 2828 ¹
1278 2787 1487 2852 21333331
1510 2786 1683 2862 seeundum
1703 2785 1883 2862 wversionem
1906 2786 1958 2850 lt).
1985 2786 2146 2866 legimus:

451 2942 457 2956 ‚
524 2889 531 2956 ‘.
1276 2869 2050 2950 nutritum·copreporimetoupohnurreperim
2063 2869 2145 2949 ejum

376 3005 380 3013 ,
411 2943 509 3006 Prima
524 2943 616 3025 igitur
628 2948 791 3024 sententia,
814 2951 878 3014 sire
892 2951 995 3031 potius
1014 2968 1100 3016 error
1112 2959 1161 3018 est
1183 2952 1234 3016 iu·
1277 2955 1361 3018 11333
1377 2953 1584 3016 domicilium
1612 2968 1656 3015 cm
1679 2949 1820 3031 Acpypic
1850 2959 1909 3014 cic.
1938 2949 1996 3014 Ubi
2022 2952 2145 3014 ridetur

371 3024 528 3101 dacorum,
546 3029 738 3107 eciderunt,
755 3032 821 3113 (loy
833 3050 904 3096 csse
926 3035 1156 3108 3333313133,
1173 3037 1233 3098 llo·
1279 3037 1434 3116 Scriptura
1449 3035 1565 3108 dicere,
1582 3034 1663 3112 quod
1676 3038 1798 3112 333333
1821 3033 1959 3098 Christus
1973 3034 2094 3098 redibit
2108 3051 2145 3096 es

369 3124 431 3188 gog
444 3125 514 3202 esse
529 3117 638 3189 gentes
653 3114 805 3193 scythicus
826 3116 1079 3192 innumerabiles,
1097 3121 1233 3194 333313·
1278 3122 1426 3200 Aegypto,
1448 3125 1585 3196 tempore
1597 3133 1672 3180 succ
1690 3117 1859 3184 infantiae.
1890 3121 1963 3178 tunc
1978 3117 2146 3180 extolletur

370 3197 436 3252 tent
449 3196 525 3285 mira
539 3192 665 3273 Caspios
679 3205 812 3259 montes.
842 3199 1008 3283 Venturum
1030 3208 1133 3262 331333
1161 3218 1233 3266 esse
1277 3219 1407 3282 rcyoum
1423 3201 1498 3281 cog:
1515 3206 1634 3262 constat
1647 3205 1747 3261 autern
1765 3245 1773 3268 ‚
1791 3199 1910 3262 Christo
1938 3198 2056 3262 intente
2084 3201 2146 3261 eni·

370 3272 447 3353 Goy,
464 3275 568 3367 idest,
584 3277 804 3346 Antichristum
816 3296 886 3342 eum
908 3281 1028 3364 liayoy,
1041 3283 1072 3344 id
1087 3289 1147 3357 est,
1163 3302 1233 3348 cum
1278 3293 1390 3356 siente,
1407 3285 1524 3346 nullum
1540 3299 1670 3362 reguum
1686 3283 1781 3344 luisse
1796 3284 1983 3356 exaltatum,
2007 3281 2072 3344 nisi
2088 3282 2146 3344 llo·

370 3362 507 3450 exercitu
523 3357 716 3438 Scytharum,
731 3362 784 3423 illo
799 3364 868 3441 ipsu
884 3369 1020 3444 tempore
1032 3381 1093 3444 qno
1104 3366 1233 3432 nessus
1279 3383 1448 3430 manorum.

368 3453 501 3516 primum
517 3441 675 3519 apparebit
690 3444 721 3505 iu
741 3443 932 3510 Hierusalem
950 3465 959 3524 ;
989 3453 1020 3510 et
1045 3454 1118 3511 tunc
1137 3467 1233 3530 prae·
1319 3451 1436 3512 lisine
1453 3447 1547 3510 dubio
1563 3453 1704 3526 corrupto
1720 3454 1766 3509 est
1780 3446 1811 3508 in
1828 3445 1966 3524 hocloco
1982 3445 2078 3510 editio
2095 3447 2146 3508 lb.

368 3521 443 3582 lium
460 3523 712 3588 committendum
731 3526 763 3588 in
775 3521 963 3604 Palaestina‚'
983 3536 1016 3592 et
1030 3535 1140 3594 nuum
1156 3539 1233 3596 stru·
1279 3535 1492 3611 interpretum:
1509 3531 1658 3592 liebraice
1674 3529 1757 3591 enim
1773 3528 1912 3600 babetur,
1930 3545 1990 3590 nou
2007 3528 2148 3608 cogent

368 3618 438 3681 yern
453 3601 583 3699 loturam
597 3606 629 3668 in
642 3609 778 3671 exercitu
792 3609 857 3690 cog
872 3658 881 3684 ‚
911 3617 946 3674 ui
967 3627 1025 3691 per
1037 3619 1158 3692 septem
1178 3632 1231 3678 cu·
1278 3615 1371 3697 hgog.
1386 3613 1485 3693 yj'ln
1499 3621 1598 3690 nien
1610 3613 1757 3697 33313111
1771 3611 1894 3674 tolletur
1910 3617 2035 3690 prepter
2047 3613 2146 3690 egag,

369 3700 428 3779 nos
443 3685 550 3748 Judcci
566 3704 628 3751 nun
643 3691 705 3753 sint
719 3693 840 3755 caesuri
867 3694 949 3774 ligne
965 3711 1003 3756 ex
1016 3696 1179 3760 arboribus
1194 3699 1232 3762 33
1281 3702 1327 3770 oct
1342 3715 1414 3777 prae
1435 3697 1518 3776 hgug
1532 3713 1586 3758 rex
1601 3697 1682 3774 ejus.
1705 3695 1743 3756 Et
1757 3711 1870 3756 seorsus
1896 3700 1943 3757 cst
1971 3703 2146 3758 secundum

370 3781 477 3846 rynem
490 3771 685 3850 struendum,
702 3775 757 3838 scd
770 3782 958 3839 crematuros
971 3777 1088 3849 hostes,
1116 3785 1147 3841 et
1171 3781 1234 3859 ely·
1280 3782 1498 3862 Hieronymum
1524 3779 1554 3840 iu
1572 3795 1641 3856 cap.
1656 3776 1708 3840 38.
1735 3777 1845 3847 Erech.
1875 3783 1906 3838 et
1932 3777 2057 3840 tolletur
2073 3777 2146 3839 Sunt

370 3865 448 3928 pecs
464 3897 473 3924 ‚
495 3855 527 3914 et
547 3853 659 3916 similia
681 3857 897 3930 instrumenta,
912 3876 991 3938 quoe
1003 3861 1152 3941 jacebunt
1166 3863 1235 3926 ubi·
1279 3865 1395 3942 primus
1410 3879 1462 3924 rex
1473 3861 1568 3923 lsruel
1581 3868 1704 3939 propter
1718 3859 1811 3939 hgay,
1835 3860 1927 3930 idest.
1949 3859 2020 3938 quie
2035 3875 2146 3938 pecco·

370 3935 1234 4022 333333333333331333,3133133333131333333331333·
1280 3947 1323 4008 hit
1339 3963 1399 4008 uun
1415 3944 1586 4007 occidendo
1601 3942 1694 4022 lgog.
1711 3943 1764 4004 Vel
1789 3945 1961 4004 seeundum
1987 3943 2079 4016 elios,
2097 3958 2146 4002 cx-

368 4029 420 4078 113
436 4023 497 4078 0¹0·
1279 4029 1402 4090 tolletur
1415 4027 1486 4089 Sunt
1502 4042 1575 4105 prae
1588 4027 1681 4102 hung,
1699 4025 1789 4097 idest,
1805 4023 1992 4103 praevalebit
2006 4031 2040 4086 ci
2053 4041 2145 4101 supi·-

410 4097 510 4160 ueteri
523 4099 603 4162 huuc
620 4102 799 4182 opinionem
826 4106 1032 4188 Hieronymus
1047 4109 1079 4172 in
1096 4127 1165 4188 cap.
1179 4110 1230 4173 38.
1278 4111 1356 4173 rubii
1371 4111 1471 4188 ipsum
1488 4109 1579 4188 lyag.
1602 4107 1769 4186 Utrumque
1785 4105 2144 4170 3313333311133333

368 4176 480 4271 113333.
498 4187 528 4243 31
542 4181 650 4246 Petrus
665 4185 822 4250 33133333
842 4189 898 4250 113.
916 4189 946 4252 3.
973 4209 1042 4270 cap.
1070 4193 1121 4255 12.
1149 4201 1233 4256 cont.
1279 4200 1337 4265 est,
1355 4189 2145 4268 13333111333333333331313111313333333313·

368 4259 439 4324 iud.
456 4268 487 4324 et
502 4264 597 4327 ilabbi
612 4267 706 4330 113313
721 4267 847 4331 Hhimhi
862 4274 893 4334 in
909 4271 995 4336 Com.
1010 4275 1090 4354 peel.
1104 4276 1232 4354 passim.
1279 4277 1436 4341 dacorum.
1454 4291 1514 4336 nou
1538 4275 1576 4334 33
1592 4273 1723 4342 cinisio,
1742 4273 1788 4333 331
1805 4269 1959 4334 homenis:
1989 4271 2101 4348 incipit
2116 4287 2144 4332 e·

247 4365 269 4393 .=
368 4342 430 4404 Sed
447 4345 557 4408 iudaei
572 4347 602 4408 in
615 4349 738 4413 duobus
759 4360 872 4416 errant.
1243 4407 1246 4412 .
1279 4361 1354 4422 nim:
1374 4355 1625 4435 Quamprilchro
1640 4355 1852 4418 1333333313
1875 4359 1935 4418 tuo
1959 4353 2064 4419 Jacob
2080 4362 2144 4416 ico-

250 4476 277 4520 &
410 4425 523 4522 Primo,
547 4431 630 4523 (lt10d
643 4439 753 4511 putent
768 4437 917 4514 praetium
931 4436 997 4522 §og
1011 4444 1041 4501 et
1054 4439 1163 4519 Hagog
1186 4441 1233 4505 tu·
1278 4442 1363 4504 13313
1378 4449 1436 4502 luc
1449 4439 1551 4502 loruct
1566 4445 1625 4502 etc.

292 4546 297 4563 ·
366 4513 469 4572 turum
486 4527 515 4571 ru
531 4527 631 4589 primo
646 4513 757 4578 Christi
773 4518 917 4596 adventu,
934 4521 1159 4586 contundentes
1171 4525 1233 4603 pri·
1320 4525 1428 4598 Quarto
1444 4521 1548 4600 opinio
1564 4528 1610 4583 cst
1624 4519 1824 4598 otiorumqui
1842 4535 1897 4598 per
1907 4517 1974 4597 dog
1989 4523 2021 4580 et
2035 4518 2144 4597 Hagog

366 4605 451 4652 mum
466 4610 537 4688 cum
552 4597 702 4674 secundm
718 4617 787 4660 cum
804 4607 903 4665 tomen
933 4604 1107 4684 Scripturre
1128 4614 1233 4684 aperte
1278 4606 1453 4684 intelligunt
1468 4605 1584 4684 praelia
1597 4603 1711 4665 dioboli
1734 4607 1764 4664 et
1778 4603 1958 4680 ungulorum
1984 4601 2056 4678 cius
2072 4604 2144 4663 oliui

368 4673 513 4768 3333331.
529 4692 560 4740 in
576 4677 676 4755 primo
690 4681 822 4744 3333313
839 4683 991 4748 Christum
1016 4693 1177 4750 venturum
1199 4689 1232 4752 in
1278 4691 1310 4752 in
1326 4690 1413 4752 coelo
1429 4705 1498 4749 cum
1511 4685 1630 4764 angelis
1642 4683 1732 4748 bouis
1748 4691 1871 4762 patrata.
1886 4700 1977 4761 quam
1993 4683 2143 4762 Hierony·

367 4753 550 4832 humihtate,
567 4765 598 4820 et
613 4766 755 4842 tauquam
769 4782 857 4827 orem
870 4774 1060 4832 mansuetam
1075 4771 1233 4834 immolen-
1278 4789 1347 4834 mus
1362 4771 1484 4840 relcllii,
1503 4777 1646 4850 tanquam
1660 4769 1871 4831 destruentem
1882 4768 2014 4839 literam,
2027 4766 2063 4830 iu
2074 4783 2142 4845 cup.

366 4837 454 4912 dum,
470 4843 746 4937 313313113333.
763 4853 793 4908 et
804 4849 889 4912 alibi.
907 4849 1063 4927 Secundo,
1080 4853 1163 4931 quud
1177 4873 1233 4933 pu·
1277 4856 1329 4920 38.
1345 4855 1455 4916 Erech.
1970 4910 1973 4912 ,

365 4920 1032 5018 33333333333133333133333333333.
1049 4941 1159 4997 etcum
1175 4953 1232 5000 suo
1320 4937 1427 5011 Quinte
1443 4942 1490 4998 cst
1501 4933 1652 4997 Theodori
1669 4930 1846 5008 Bibliendri,
1875 4945 1967 5008 onem
1998 4931 2141 5010 seqnitur

366 5001 479 5098 lessio
495 5015 712 5089 pugnaturum
741 5029 813 5074 cum
827 5020 931 5077 tumen
958 5016 1164 5080 Antichristus
1185 5035 1233 5081 re·
1278 5017 1445 5100 Chytmeus
1457 5021 1488 5080 in
1505 5017 1589 5080 Com.
1606 5013 1835 5095 3332113333.
1853 5013 1947 5092 igitur
1962 5013 2143 5078 Hibitonder

368 5101 439 5148 reru
454 5103 592 5165 ipsorum
612 5091 743 5157 Messias
763 5096 803 5157 sit
826 5096 958 5172 iuturus,
984 5105 1084 5178 cipro
1107 5099 1233 5164 inducis
1277 5103 1339 5166 tob.
1358 5103 1407 5165 tt.
1422 5117 1495 5165 suae
1511 5099 1709 5163 Chronolubi
1725 5105 1867 5160 eoourotc
1881 5095 2007 5158 disserit
2022 5095 2065 5160 de
2082 5096 2144 5174 333

366 5175 471 5230 contro
486 5185 592 5234 rerum
607 5173 759 5239 Christum
774 5178 1103 5246 Sol-uaioremnoslrum
1114 5200 1231 5263 pugne·
1278 5195 1309 5248 et
1323 5186 1445 5264 liugogp
1458 5191 1488 5246 et
1499 5186 1619 5246 leudem
1633 5183 1722 5243 docet
1739 5225 1747 5254 ‚
1764 5179 1954 5258 prophetiam
1971 5178 2144 5240 Ezechielis

368 5256 466 5314 ¹⁰¹⁰&
1277 5275 1308 5332 et
1321 5267 1447 5330 ioannis
1462 5283 1522 5328 333
1535 5264 1689 5344 pertinere
1704 5263 1836 5325 331333
1850 5260 2056 5340 1333333333
2072 5260 2144 5322 Eze-

410 5332 552 5429 Sccunde
567 5336 674 5416 opinio
687 5346 734 5404 cst
747 5343 892 5407 bactantil
907 5345 963 5410 113.
976 5344 1006 5409 i.
1020 5364 1089 5427 cap.
1112 5347 1163 5411 21.
1176 5347 1228 5412 23.
1276 5351 1387 5412 3313113
1402 5348 1526 5428 quidem
1542 5347 1717 5411 vaticinium
1731 5345 1890 5421 impletum
1913 5359 1984 5408 esse
2000 5349 2142 5422 tempure

366 5419 397 5475 ⁰¹
412 5415 464 5478 ²⁰·
480 5434 533 5510 91¹¹
549 5423 712 5496 existimat,
729 5427 880 5505 praelium
895 5427 960 5507 Gog
976 5436 1008 5492 ct
1028 5430 1137 5511 llryog
1150 5432 1229 5496 tutu·
1276 5432 1542 5505 Machobaeorum
1560 5435 1591 5492 et
1611 5428 1676 5508 (loy
1704 5445 1739 5490 ao
1756 5428 1872 5506 ,nagog
1899 5425 1997 5494 luisse
2012 5425 2144 5488 liencu-

366 5513 434 5590 rum
448 5501 534 5593 mille
549 5506 638 5598 nonis
651 5513 723 5585 post
738 5515 864 5571 mortum
880 5510 1066 5576 Antichristi.
1081 5513 1178 5578 Docet
1198 5532 1230 5578 e·
1275 5519 1364 5578 drum
1380 5529 1522 5592 magnum
1540 5559 1548 5585 ‚
1575 5517 1605 5574 et
1625 5517 1768 5588 posteros
1792 5510 1860 5590 ojus
1877 5526 1969 5584 reges
1992 5507 2097 5588 Syriae
2111 5513 2144 5568 ct

367 5595 525 5675 nimipse
542 5584 636 5649 finitis
658 5605 711 5651 sex
727 5591 863 5654 millibus
892 5610 1041 5657 nouorum
1070 5614 1088 5658 3
1116 5601 1231 5660 33333
1276 5598 1412 5678 Aegypti,
1430 5598 1481 5676 qui
1496 5595 1701 5658 3331333313
1716 5594 1810 5654 multo
1833 5593 1948 5670 praelia
1977 5590 2143 5654 commisc-

367 5663 503 5756 condito.
521 5674 679 5760 venturum
701 5674 945 5752 3333333133,
975 5683 1006 5738 ct
1033 5685 1231 5759 regnaturum
1277 5688 1348 5743 runt
1362 5729 1372 5752 1,
1389 5687 1444 5742 cto
1462 5679 1654 5741 lloohubaeis
1681 5677 1802 5737 taudem
1830 5674 1966 5752 superati
1992 5673 2144 5735 luerunt:

365 5746 465 5840 tribus
481 5763 570 5810 nouis
586 5768 656 5815 curn
678 5758 792 5832 medi03
823 5763 897 5821 tunc
919 5761 1123 5824 occidendum
1150 5764 1231 5825 luti·
1277 5763 1517 5827 loannisoutem
1531 5759 1888 5840 prophetiumimpletom
1903 5773 1975 5820 esse
2000 5762 2146 5832 tempore

366 5826 527 5919 christum,
544 5837 750 5912 appariturum
767 5838 932 5916 Christum,
949 5843 1078 5907 loturam
1094 5861 1231 5909 resurrc·
1277 5847 1413 5926 Gregorii
1426 5845 1489 5905 lit.
1508 5860 1616 5922 popae.
1632 5849 1662 5904 ei
1675 5841 1872 5918 sequentium
1898 5839 2017 5918 aliquoi
2041 5837 2149 5917 ponii·

365 5915 511 6008 333333,
526 5920 555 5975 ct
566 5925 745 6011 regnaturus
761 5931 885 5987 soricius
899 5942 970 5988 eum
991 5926 1111 5989 Christo
1127 5930 1177 5991 hic
1198 5928 1231 5991 iu
1276 5929 1367 6004 licum
1385 5947 1393 5990 ι
1410 5945 1446 5991 33
1461 5926 1526 6007 Gog
1547 5932 1578 5989 et
1592 5925 1698 6003 llogog
1710 5923 1805 5986 tuisse
1821 5921 1994 6002 pontifices,
2018 5927 2050 5982 et
2065 5919 2148 5982 ulios

366 5996 455 6056 terris
467 5997 551 6062 mille
566 6015 668 6078 nouis,
698 6002 731 6066 in
745 6021 863 6072 summu
877 6025 954 6086 pecc
977 6015 1010 6073 et
1032 6012 1231 6090 3333311133-
1276 6013 1512 6088 christianorum
1527 6009 1684 6089 principes
1699 6007 1907 6084 3133333333,
1923 6005 1976 6084 qui
2005 6003 2062 6068 diu
2086 6019 2147 6083 pu·
