4792 7009
1021 726 1122 789 elena
1136 726 1319 789 sendimus
1967 740 2004 798 ιι

287 858 356 937 bet,
379 854 650 939 reprebendi-eos,
668 858 733 938 qui,
753 858 924 939 quamlibet
939 858 1000 923 sibi
1015 866 1087 924 nota
1102 860 1161 924 tin·
1206 862 1284 927 nem
1307 860 1556 943 ιιιιριιιιωνιιιιι
1577 881 1670 947 apem
1692 867 1952 937 balnearentur
1972 869 2074 947 ico·

289 960 351 1023 gua
367 947 576 1017 orantes,aon
592 942 754 1003 nuendum
765 942 839 1021 quid
855 942 1034 1018 dicant,sed
1050 960 1160 1025 nagan·
1207 944 1302 1007 rintb.
1316 945 1446 1008 iniero
1458 950 1605 1030 quinque
1616 949 1715 1012 uerbo
1728 954 1959 1019 insessurum
1972 955 2076 1036 toqui,

291 1032 341 1088 tur
355 1025 459 1085 animo
475 1025 512 1085 ad
529 1023 586 1084 atio
602 1024 738 1103 negotia.
1128 1062 1133 1071 ·
1205 1034 1244 1089 ut
1258 1026 1341 1089 otios
1353 1028 1530 1105 instantem,
1546 1048 1649 1113 quum
1659 1033 1770 1095 decem
1784 1038 1892 1099 mittin
1903 1036 2078 1101 cerberum

331 1106 370 1168 ln
391 1106 566 1185 posteriore
580 1104 739 1183 Scriptura
761 1120 824 1167 nou
839 1104 1081 1184 reprehenditur
1094 1122 1162 1169 orn·
1205 1110 1245 1172 ie
1257 1109 1386 1188 tineam.
1401 1111 1438 1173 Et
1452 1112 1580 1177 ibidem.
1598 1113 1678 1175 dean
1695 1120 1884 1192 ιοιιυιιιιιιι,
1898 1120 2077 1200 nuncque·

289 1188 334 1251 tio
350 1202 431 1268 quoe
447 1202 509 1249 non
525 1184 720 1266 intelligitur,
737 1187 793 1249 sed
810 1187 837 1248 ai
853 1188 1161 1266 anteponitureretie
1208 1206 1273 1269 goe
1299 1197 1444 1261 ominem
1470 1194 1639 1258 Peotmeun
1658 1195 1778 1275 babet,
1811 1201 1997 1264 doctricem
2020 1201 2078 1263 ite·

288 1286 372 1347 qnae
386 1269 582 1347 intelligitur.
599 1268 665 1331 lien
681 1269 764 1331 enim
779 1267 947 1347 Apostolus
963 1270 1037 1331 dicii
1051 1270 1161 1332 oratio·
1207 1270 1269 1349 bet,
1290 1274 1519 1357 Apocalypsin
1540 1276 1649 1353 bow,
1674 1278 1825 1358 linguam
1846 1282 1952 1356 babet,
1976 1283 2077 1346 ieter·

289 1366 365 1413 nem
380 1366 453 1413 esse
468 1352 538 1413 sinc
552 1350 666 1421 tractu,
683 1350 903 1413 serimentum.
921 1350 979 1424 Qui
997 1352 1079 1413 enim
1096 1358 1163 1415 oret
1204 1358 1423 1434 pretationem
1448 1358 1545 1423 treber
1561 1393 1578 1435 ,-
1596 1361 1713 1423 omnio
1739 1362 1785 1425 ed
1815 1362 2077 1441 aedificationem

289 1434 398 1512 lingua
413 1448 505 1511 qnam
522 1446 585 1493 non
600 1432 695 1502 norit,
711 1438 828 1495 etcum
843 1432 938 1495 rudes
953 1433 1097 1507 homines
1112 1444 1160 1496 re·
1205 1435 1311 1515 finiat:
1326 1444 1356 1500 at
1376 1455 1414 1502 ex
1427 1439 1534 1520 lingua
1554 1441 1659 1520 ignota
1676 1446 1905 1523 eiperegrtna,
1927 1460 2008 1523 quae
2032 1445 2080 1507 in·

289 1514 387 1579 citam
413 1515 509 1577 latine
530 1518 650 1592 septem
673 1514 823 1589 Psalmos,
850 1513 962 1576 ellectu
987 1516 1113 1593 quidem
1130 1520 1162 1578 et
1205 1520 1347 1595 structio,
1370 1521 1452 1600 quae
1470 1522 1655 1597 aedificatio,
1678 1540 1758 1603 quae
1774 1525 2080 1605 corisolatiepereipi

289 1598 403 1676 spiritu
426 1594 604 1675 proliciunt,
631 1602 732 1657 lamen
750 1611 838 1659 mens
854 1612 961 1659 eorum
978 1597 1046 1661 sine
1061 1597 1161 1661 tructu
1207 1601 1336 1681 potest?
1740 1650 1744 1657 .
1816 1650 1819 1654 f

288 1686 352 1753 est,
374 1680 448 1758 quia
470 1692 533 1740 non
549 1678 700 1739 eruditur.
726 1676 887 1758 Ejusmodi
903 1694 975 1741 rere
991 1680 1162 1742 orationem
1247 1682 1458 1761 Respondeat
1484 1689 1515 1748 et
1529 1689 1773 1767 propositionem
1788 1693 1820 1752 ci
1834 1688 2080 1769 assumptionem

289 1776 354 1824 nen
370 1759 557 1841 reprebendi
574 1766 606 1821 ut
619 1760 729 1821 maiam
742 1766 774 1823 et
788 1759 912 1839 penitus
926 1758 1160 1837 inimotuosem‚
1207 1764 1490 1844 bujesargnmenti
1505 1767 1615 1830 ialsem
1626 1784 1710 1833 esse.
1723 1770 1795 1832 Nam
1807 1770 1879 1833 linis
1892 1772 2080 1851 praecipuus

290 1843 429 1905 declarat
440 1840 604 1921 tpostctus
620 1842 681 1904 illis
695 1842 811 1904 verbis:
825 1842 907 1905 Nom
919 1849 955 1904 ιιι
966 1844 1100 1923 puidam
1111 1842 1164 1907 be·
1208 1846 1384 1910 dirinomm
1395 1846 1567 1910 ciliciorum
1581 1866 1644 1913 non
1660 1858 1711 1914 est
1724 1853 1831 1930 populi
1847 1852 2080 1924 instructio-nei

289 1942 333 1987 nc
349 1922 720 2003 praemogenitum
736 1924 898 1987 continuat
913 1931 1018 2003 aperte
1031 1924 1163 2005 Chryso·
1209 1928 1393 2001 consolatio,
1410 1930 1466 1991 sed
1482 1932 1585 1992 cattos
1596 1933 1660 1995 lieo
1672 1935 1710 1995 ab
1720 1935 1861 1996 Ecclesia
1872 1932 2081 1997 debitusttte·

291 2013 414 2070 stemus
436 2008 498 2069 bec
523 2008 603 2068 lece.
620 2005 716 2081 Adde,
755 2008 828 2081 uod,
855 2012 1002 2087 utsupra
1027 2008 1163 2073 ostendi·
1209 2010 1343 2072 ricornm
1367 2011 1450 2073 enirn
1476 2012 1613 2075 oltioium
1639 2020 1699 2090 est,
1721 2013 2080 2095 nominetetiuspopuli

292 2104 377 2163 mus,
397 2088 564 2166 apostotus
580 2088 714 2165 tenuitur
729 2024 901 2167 ge'tingna,
918 2104 1010 2167 penam
1025 2101 1117 2151 nemo
1133 2092 1165 2151 in
1210 2091 1374 2154 Christiani
1393 2099 1545 2171 perpetue
1560 2094 1721 2159 immolare
1734 2098 1798 2159 lieo
1813 2097 1999 2161 sacrificium
2014 2096 2080 2159 lou·

294 2178 355 2233 tota
377 2170 516 2233 Ecclesia
543 2168 717 2249 intelligere
742 2176 856 2249 potest.
883 2170 1031 2244 Quocirca
1048 2170 1164 2233 imstra
1210 2176 1270 2237 dis.
1287 2179 1322 2237 ut
1335 2176 1403 2253 ipse
1417 2175 1547 2252 requirit
1570 2178 1652 2241 Psai.
1668 2178 1722 2240 td.
1737 2186 1768 2241 ιι
1782 2194 1868 2241 more
1882 2181 2013 2241 miiitum
2028 2193 2081 2241 cx·

294 2255 373 2316 baec
385 2252 559 2333 Apostotiee
575 2253 666 2315 rerba
678 2253 826 2313 adversus
838 2252 1095 2314 consuetudinem
1109 2253 1164 2315 Ec·
1212 2257 1338 2338 nubere,
1354 2273 1391 2319 ac
1404 2258 1519 2337 vigitiis
1534 2265 1564 2320 et
1578 2260 1770 2325 orationibus
1785 2267 1844 2322 tota
1860 2266 1959 2323 castra
1973 2260 2081 2322 Eceie·

291 2336 412 2397 etesiae
428 2334 604 2401 Catholicae
618 2332 842 2397 adducuntur:
859 2334 917 2395 etsi
934 2333 1019 2395 enim
1033 2334 1065 2395 in
1079 2336 1164 2395 ¹oeni·
1188 2378 1191 2383 -
1211 2339 1277 2402 siae
1303 2341 1576 2418 protegentem.
1592 2342 1644 2403 ae.
1662 2340 1770 2421 Super
1782 2358 1894 2405 merea
1908 2347 1991 2412 teon,
2007 2342 2082 2405 llio-

290 2417 443 2480 muaibns·
455 2416 616 2479 Ecclesiae
642 2414 789 2495 precibus
804 2414 912 2479 latinis
925 2430 1014 2477 mens
1036 2416 1165 2477 rustice·
1194 2422 1368 2493 meatem,
1385 2422 1701 2485 conmitteinnetodes
1718 2442 1727 2483 ι
1743 2428 1812 2486 toto
1826 2426 1879 2487 die
1894 2430 1924 2487 et
1935 2430 2030 2487 nocte
2042 2424 2083 2487 ιιι

290 2516 359 2561 rum
376 2498 560 2563 sineiructn
575 2504 709 2561 maneat:
727 2506 830 2560 tamen
845 2496 1166 2585 nonmaneiotieetus
1210 2511 1407 2583 perpetuum
1430 2520 1501 2567 aon
1525 2504 1836 2581 mcemuinttetnda,
1863 2507 1916 2583 qui
1932 2522 1994 2567 non
2009 2511 2083 2568 sunt

291 2581 478 2644 rusticorum
495 2581 564 2643 stne
575 2580 689 2653 leucio,
704 2596 762 2642 nec
775 2596 864 2643 mens
877 2582 1078 2659 plurimorum
1092 2580 1165 2642 nito·
1197 2584 1448 2663 imperitissimi,
1464 2586 1486 2647 it
1501 2587 1596 2651 tatinc
1610 2588 1725 2663 scium,
1736 2587 1991 2663 crimenentur,
2007 2586 2083 2649 dam

290 2677 358 2725 mm
374 2663 427 2741 qui
444 2662 540 2725 ιιιιιιι
554 2663 669 2735 seiani,
693 2667 723 2725 et
737 2662 855 2724 tructus
877 2660 1060 2737 mentiendi
1077 2662 1166 2723 deest
1212 2668 1342 2729 andiunt
1355 2667 1456 2729 divina
1472 2668 1571 2731 anicia
1588 2686 1597 2731 ι
1624 2668 1739 2732 caeteri
1754 2674 1857 2731 autem
1872 2685 1935 2731 nen
1948 2670 2082 2733 instrue·

290 2746 408 2819 idiotis,
428 2752 647 2825 compensatur
667 2742 851 2808 utilitatibus
871 2744 975 2805 multis
989 2758 1069 2821 quae
1090 2742 1165 2806 inde
1212 2756 1330 2823 rentur,
1354 2747 1475 2811 etiamsi
1500 2752 1616 2831 numeri
1639 2753 1744 2828 lingua
1758 2750 1894 2813 cilicium
1910 2751 2082 2813 celebrere·

290 2826 490 2907 proveniunt,
511 2826 594 2906 quod
618 2826 794 2905 scriptume
808 2827 840 2889 in
857 2826 983 2905 publice
999 2826 1162 2903 adnnente,
1195 2836 1273 2906 ιιι,
1296 2846 1359 2893 non
1384 2832 1468 2895 enim
1492 2832 1525 2894 ie
1551 2833 1666 2907 verbis,
1689 2834 1746 2894 sed
1761 2833 1793 2894 ia
1808 2848 1905 2895 sensu
1919 2832 2083 2895 instructio

290 2909 551 2973 communissima
573 2908 730 2985 idiomate,
747 2908 840 2983 idest,
861 2909 955 2970 latino
977 2907 1104 2969 assidue
1121 2908 1165 2971 le·
1194 2918 1271 2975 est.
1284 2910 1385 2986 Quare
1399 2914 1501 2991 pteets
1511 2914 1707 2977 instructioni
1722 2912 2084 2986 deservientimcionen

281 2992 419 3071 geritur.
576 2989 581 3001 ’
642 3034 646 3043 -
707 3037 710 3045 ,
801 3036 805 3047 .
1195 2994 1602 3077 ·iregnentissimae,·quae
1622 2996 1656 3058 in
1680 2997 1816 3078 singulis
1839 2995 1993 3060 Ecclesiis
2012 2995 2084 3064 lteri

331 3070 1162 3153 Obiectiotertiaiirentiiinliceretet.cnp.Queniem
1197 3078 1338 3140 ueneni..
1631 3124 1635 3131 ,
1770 3085 1773 3094 ·
1953 3100 1957 3106 -
2063 3103 2066 3112 =

290 3152 321 3216 ln
339 3154 511 3233 plerisque,
526 3155 572 3215 tit.
586 3154 625 3217 dc
641 3153 723 3216 oilie.
737 3153 805 3233 jud.
819 3155 887 3216 ord.
901 3150 1162 3219 innoeen‘tiusiil.
1196 3188 1199 3195 ι
1251 3158 1356 3237 lieqtm
1369 3156 1426 3221 tria
1439 3159 1491 3222 illa
1505 3160 1682 3239 scripturae
1707 3158 1891 3223 testimonia
1909 3157 2083 3227 sententiae

290 3236 457 3315 praecipit,
474 3243 508 3299 ot
523 3252 592 3298 cnm
610 3237 640 3297 in
658 3236 760 3311 atiena
776 3236 854 3297 urbe
865 3237 1007 3313 permixti
1023 3241 1094 3297 suet
1109 3234 1164 3296 bo·
1198 3248 1337 3303 nostrae
1352 3242 1413 3301 otta
1425 3240 1855 3306 ratione-otlteiuntm‘ntemer
1869 3242 1967 3316 enirn,
1979 3241 2083 3321 Scrip-

291 3316 397 3381 mines
412 3318 601 3380 diversarum
618 3318 806 3397 linguarum,
819 3318 994 3397 Episcopus
1008 3317 1169 3405 provident
1212 3330 1298 3384 turns
1312 3338 1417 3385 seems
1432 3339 1573 3401 magnam
1588 3325 1709 3387 adicere
1720 3323 1882 3386 lidetibas
1896 3323 2085 3386 consolatio·

291 3400 533 3469 niros‘idoneos,
547 3398 600 3476 qui
609 3398 744 3461 dirersis
758 3399 875 3477 tinguis
891 3401 991 3462 divina
1005 3397 1104 3461 officia
1117 3412 1166 3460 ce·
1212 3403 1444 3478 nemetiam.
1460 3405 1510 3467 ιι.
1522 3407 1689 3487 Apostolus
1703 3410 1820 3481 menet,
1833 3404 1892 3467 sed
1904 3405 2005 3467 doctis
2016 3404 2084 3485 qut·

292 3480 429 3554 lebrent,
447 3488 477 3543 ιι
493 3480 691 3544 Sacramenta
708 3480 927 3545 administrent
947 3482 1088 3547 diversae
1109 3480 1167 3542 lin·
1196 3487 1285 3548 —dem
1301 3487 1374 3549 dom
1389 3486 1550 3565 leguntur,
1571 3488 1705 3551 indoctis
1720 3490 1823 3560 antem
1838 3487 1912 3549 dum
1928 3504 1946 3548 a
1961 3486 2084 3549 concie

289 3564 589 3643 goaelncrninibus.¹
904 3580 909 3617 t
1089 3592 1092 3610 ι
1199 3562 1374 3631 'ueteribus
1396 3562 2086 3647 explicentur.Etmeriio'S.Paulusmntuii

317 3646 536 3725 ltcspondeo:
553 3644 770 3707 Innocentium
785 3646 905 3707 tentoni
918 3643 1002 3723 toqui
1018 3643 1048 3705 in
1065 3658 1103 3705 co
1115 3642 1169 3706 de·
1207 3649 1453 3729 quinquereme
1465 3651 1608 3714 insensu
1620 3650 1678 3713 auo
1689 3652 1728 3715 nd
1740 3651 2084 3728 instmeti'onemienui,

293 3734 381 3790 creto
398 3729 437 3789 de
454 3724 558 3806 lingna
572 3726 689 3791 Graeca
714 3733 745 3787 ct
770 3727 885 3788 balina.
901 3728 976 3804 Quin
993 3726 1075 3788 onim
1091 3731 1168 3787 tem·
1212 3746 1308 3809 guara
1327 3733 1436 3794 decem
1459 3733 1555 3798 miliia
1569 3733 1736 3795 verborum
1751 3733 1782 3793 in
1797 3732 1916 3812 lingua,
1932 3732 2006 3811 quia
2019 3746 2087 3795 me·

292 3807 1023 3889 poretnnocentitcepucstconstannnopettsa
1040 3807 1167 3881 latinis,
1198 3813 1334 3877 -iiorest
1349 3814 1531 3892 mheriatio,
1543 3830 1623 3895 quoe
1634 3815 1673 3877 nb
1684 3814 1831 3879 omnibus
1846 3814 2041 3893 intelligitur,
2050 3813 2089 3875 li·

205 3894 207 3907 ’
295 3900 326 3953 et
336 3892 529 3969 imperatore
544 3906 580 3953 ac
591 3890 764 3953 laniaretur
777 3890 1113 3969 constantinopolitano
1125 3890 1168 3951 ta·
1212 3898 1265 3960 cet
1283 3894 1533 3972 brevissimnsit,
1549 3913 1641 3977 quam
1657 3911 1694 3959 ea
1710 3911 1790 3976 qnae
1810 3911 1875 3959 nea
1889 3895 2086 3974 intelligitur,

296 3974 378 4036 tinis·
391 3973 606 4047 existentibus,
622 3973 766 4051 permulti
780 3976 867 4034 erant
880 3973 911 4033 in
928 3973 1053 4036 Graecia
1069 3971 1168 4038 lnitini
1214 3976 1335 4041 etiamsi
1351 3980 1393 4039 sii
1415 3978 1612 4061 longissima.
1635 3978 1776 4056 lienique
1801 3994 1858 4056 per
1873 3977 1926 4039 illa
1947 3977 2087 4057 quinque

295 4054 425 4118 Graccis
441 4052 850 4137 edmlnti;·pestulntnmiuit
862 4070 878 4115 a
890 4052 1168 4121 Pentittceintton·
1212 4060 1373 4134 vocabula,
1396 4062 1561 4139 psalmum,
1586 4061 1770 4135 doctrinam,
1788 4060 2010 4138 apocalypsim,
2027 4059 2087 4121 lie-

293 4138 369 4201 citio
386 4136 525 4217 generali
539 4136 750 4209 Latcmnensi,
760 4136 798 4197 ad
813 4138 896 4213 qued
906 4135 1020 4198 -ilraeoi
1033 4134 1168 4197 etbotini
1198 4147 1353 4221 -gunmei
1376 4142 1746 4223 interpretationemnon
1760 4140 2087 4218 intelligunturserip.

293 4224 519 4293 convenerant,
536 4224 570 4281 ut
584 4219 775 4297 permitteret
799 4218 878 4280 dues
894 4218 1065 4297 Episcopus
1086 4217 1168 4279 ordi·
1199 4230 1302 4287 ‚turae
1314 4224 1449 4300 dinnao,
1465 4226 1523 4287 sed
1538 4224 1675 4303 quinque
1689 4223 1771 4285 dona
1787 4222 1883 4300 gnatis
1898 4221 1968 4283 deta
1985 4238 1994 4282 ι
2010 4238 2083 4284 cam

294 4302 360 4362 nari
379 4304 411 4363 in
428 4301 546 4364 tatibus
558 4302 647 4363 loeis.
665 4298 802 4361 Pentilex
827 4306 1014 4361 autemeam
1031 4297 1168 4362 Concilio
1198 4306 1307 4384 -paulo
1327 4310 1399 4372 ante
1420 4306 1452 4367 in
1474 4306 1535 4368 boe
1550 4306 1660 4371 eedem
1682 4303 1783 4383 eapite
1797 4303 1962 4382 apostotus
1976 4303 2017 4365 de
2031 4304 2085 4365 iis·

292 4384 460 4461 respondit
481 4398 543 4444 nen
560 4382 736 4458 convenitne,
761 4386 795 4442 ui
809 4382 871 4443 sint
891 4382 953 4444 duo
968 4382 1113 4461 Episcopi
1136 4380 1168 4442 in
1202 4388 1286 4449 dem
1307 4386 1452 4449 denisita
1468 4388 1603 4467 loquitor
1616 4405 1625 4446 r
1639 4387 1818 4449 devenero
1832 4385 1879 4448 ed
1890 4400 1945 4447 eos
1960 4386 2085 4463 tinguis

291 4481 354 4528 una
372 4465 525 4539 Ecclesia,
542 4466 715 4529 sedtamen
735 4463 851 4525 debere
866 4464 1053 4542 Episcopum
1069 4462 1169 4553 provi·
1198 4469 1362 4549 laquem,
1383 4470 1466 4549 guid
1488 4470 1577 4534 eobie
1598 4470 1753 4547 predere,
1774 4466 1946 4530 nisieebie
1966 4468 2086 4545 mcccc

292 4548 382 4621 dere,
401 4554 434 4610 ut
448 4547 511 4609 sint
525 4545 656 4610 ministri
673 4545 845 4624 idoneiqui
860 4560 973 4627 graece
989 4546 1120 4635 graecis,
1137 4547 1170 4607 et
1197 4558 1273 4613 eut
1284 4552 1324 4614 ιιι
1335 4551 1546 4623 renotatione,
1571 4558 1630 4615 out
1642 4553 1692 4615 in
1710 4550 1861 4624 aeieutie,
1888 4550 1997 4613 onitu
2008 4564 2087 4629 pre.

292 4630 346 4708 qui
371 4628 606 4694 latine-Latinis
631 4634 726 4690 saeta·
742 4628 948 4691 celebrarent.
972 4628 1087 4705 Estque
1108 4627 1170 4689 hoe
1211 4634 1337 4714 pende,
1353 4634 1464 4702 ontio
1476 4633 1683 4697 dectrieel·
1765 4681 1769 4688 .
2064 4657 2068 4665 ·

293 4714 457 4779 decretum
484 4727 554 4791 cap.
570 4711 601 4773 e.
619 4709 760 4785 concilii,
788 4716 820 4773 et
842 4710 917 4773 inde
938 4714 1095 4789 sumptum
1122 4710 1171 4772 eei
1198 4759 1203 4772 .
1254 4716 1363 4794 ltaque
1378 4731 1434 4794 per
1448 4716 1585 4793 linguam
1600 4713 1877 4794 inteiligitdonum
1890 4713 2084 4791 linguarum:

295 4808 368 4871 cap.
387 4790 537 4867 Quoniam
552 4794 585 4855 in
600 4794 770 4873 plerisque.
839 4790 842 4800 '
888 4790 891 4797 “
1194 4796 1272 4876 'per
1294 4797 1464 4859 doctrinam
1486 4796 1632 4877 inteiligit
1651 4797 1767 4858 denum
1782 4794 1928 4869 docendi,
1945 4810 2026 4872 quoe
2045 4795 2087 4855 ad

336 4874 428 4947 Quod
444 4874 538 4955 igitur
560 4890 624 4939 non
647 4875 792 4953 loquatur
811 4874 975 4937 ‘decretum
993 4873 1039 4935 'da
1054 4871 1170 4952 linguis
1215 4879 1317 4943 bones
1331 4889 1447 4954 mores,
1463 4878 1511 4941 rel
1527 4880 1618 4941 otiam
1629 4878 1737 4941 Fidem
1751 4877 1929 4957 pertineat:
1942 4892 1999 4954 per
2012 4889 2085 4954 apo·

294 4958 478 5037 vulgaribus
493 4960 587 5039 patet,
603 4963 669 5019 turn
679 4954 723 5018 'ex
737 4956 865 5017 historia
876 4956 941 5034 jem
955 4957 1091 5027 recitata,
1105 4960 1170 5017 ium
1216 4960 1368 5041 eclypsim
1390 4963 1506 5023 donum
1521 4959 1751 5035 ¹renotationis,
1777 4974 1873 5039 saepe
1897 4958 1989 5021 enim⁴
2001 4958 2085 5020 Betis

296 5044 393 5107 etiam
405 5042 479 5119 quein
490 5043 649 5103 decretum
661 5037 773 5101 luisset
785 5039 915 5101 maxime
927 5038 1054 5103 initalia
1065 5036 1172 5100 obser·
1218 5040 2087 5120 tuncsedentibusinecetesierenelabat'rapsterimpar

294 5132 414 5200 return,
433 5122 484 5183 ubi
495 5118 610 5184 'Pontii
628 5121 706 5182 ιιιι.
722 5121 852 5191 residet,
876 5127 907 5182 ct
926 5120 1096 5201 temporale
1117 5119 1172 5183 de·
1211 5125 1501 5204 ¹interpretationem
1514 5124 1658 5206 inteiligit
1671 5123 1790 5187 donum
1798 5122 1975 5202 exponendi
1984 5123 2082 5201 Scrip-

296 5207 432 5269 minium
446 5204 550 5267 babet.
560 5204 597 5267 At
609 5204 643 5265 in
658 5203 742 5265 italia
758 5218 917 5282 antiquam
929 5202 961 5265 id
977 5206 1173 5265 observatum
1199 5212 1315 5282 ‚turae
1330 5212 1362 5269 et
1373 5207 1415 5269 dc
1429 5223 1492 5270 aaa
1505 5206 1610 5287 lingna
1624 5208 1658 5269 in
1670 5205 1760 5269 aliam
1772 5204 1990 5278 censemini,
2002 5204 2088 5281 cuod

296 5298 345 5351 est
360 5307 370 5350 ι
400 5304 474 5350 nam
489 5288 522 5351 S.
539 5288 671 5349 ibamus
687 5287 738 5365 qui
754 5284 859 5347 llorutt
873 5286 966 5363 paule
981 5291 1052 5365 pest
1066 5284 1173 5361 deope-
1219 5288 1334 5353 donum
1342 5290 1640 5369 ctiampropbetiam
1654 5289 1838 5369 saepissime
1853 5288 1966 5351 Paulus
1980 5292 2086 5377 necat:

297 5378 362 5432 tum
392 5371 524 5437 ιιιιιιιιιι,
552 5366 686 5430 oltleiuro
713 5366 887 5445 composuit
911 5369 1005 5431 latine
1030 5366 1172 5429 detesto
1199 5372 1276 5451 -per
1286 5373 1438 5451 psalmam
1451 5371 1823 5451 intelligitdenomgutis
1838 5368 2088 5449 datumpsaiien·

295 5452 450 5533 Corporis
476 5451 615 5527 bomini,
644 5448 726 5525 qood
753 5448 843 5517 etiem
870 5448 963 5512 bodie
988 5449 1171 5522 retinemus,
1199 5455 1263 5515 di.
1278 5460 1410 5517 utnectc
1426 5452 1813 5535 dbrpscstonresenponit,
1830 5452 2087 5527 donn-conpo-
2165 5481 2182 5499 ,

295 5551 370 5596 cum
387 5540 491 5597 tamcn
506 5534 576 5613 ipse
591 5533 623 5594 in
642 5532 814 5594 Commeat.
833 5530 862 5591 t.
879 5530 949 5593 Cor.
967 5533 1017 5594 ιι.
1033 5532 1172 5607 latentur,
1198 5536 1317 5598 *nendi
1331 5537 1503 5615 spiritualia
1516 5536 1651 5609 cantica,
1664 5541 1695 5596 ct
1706 5547 1742 5595 ca
1753 5533 2088 5605 ineeclesia'modesie

295 5618 441 5693 linguam
458 5618 612 5696 vulgarem
628 5612 775 5675 italorum
786 5628 843 5675 sao
857 5618 996 5692 tempere
1006 5612 1174 5675 noniuissc
1205 5610 1366 5680 'canendi
1384 5620 1502 5681 Sensus
1516 5618 1609 5699 igitur
1624 5623 1682 5687 est,
1696 5631 1766 5677 cum
1782 5615 1814 5677 in
1828 5617 1941 5679 restris
1955 5630 2088 5681 coaran-

294 5700 440 5761 ietinam
1201 5696 1306 5760 tibus
1319 5705 1352 5761 et
1365 5696 1584 5763 collationibus
1599 5696 1726 5779 possitis
1738 5697 1975 5762 exercerebaee
1987 5695 2089 5760 omnia

339 5776 490 5861 Qb'jeetie
514 5774 620 5863 operta
647 5776 790 5859 ejusdem
805 5774 933 5839 Brentii.
950 5776 1035 5839 Finis
1056 5775 1174 5839 divino·
1221 5783 1302 5843 dona
1327 5781 1513 5860 linguarum,
1535 5780 1738 5844 revetationis
1753 5786 1828 5856 ete,
1843 5779 1947 5844 ridete
1959 5785 1994 5843 ut
2010 5780 2089 5844 nibil

297 5880 367 5925 rum
392 5862 566 5925 ciliciorum
591 5860 848 5945 publicarumque
873 5858 1042 5926 lectiormm
1059 5866 1106 5921 ost
1121 5874 1175 5939 po·
1220 5864 1274 5925 tlat
1287 5864 1590 5941 edosteniationem,
1615 5862 1673 5927 aad
1697 5862 1800 5927 emnia
1822 5863 1862 5927 ad
1881 5862 2045 5928 utilitatem
2058 5866 2090 5927 et

300 5946 367 6022 puli
397 5945 580 6017 instructio,
607 5943 798 6013 consolatio,
827 5948 858 6002 et
882 5941 1076 6003 aedificatio:
1103 5959 1173 6006 nota
1221 5944 1480 6009 aedificationem.
1551 5962 1554 5968 ·
1893 5988 1898 5996 ·
2036 6025 2038 6028 Ι

300 6027 390 6089 dora.
409 6026 460 6089 ιι.
473 6026 597 6089 dicitur.
613 6024 924 6104 tiiporpotientiom
939 6028 969 6087 ct
982 6024 1173 6101 coniectatio·
1199 6058 1222 6085 ·.
1263 6027 1403 6111 objectio
1428 6027 1535 6110 quinte
1557 6025 1874 6103 ampliticemus
1901 6026 2091 6107 praedicarit

450 6126 620 6186 Encolpium.
641 6128 699 6184 l'ot.
720 6130 740 6187 i.
1198 6162 1202 6167 -
1914 6130 1945 6184 tt
