4792 7009
720 1215 723 1222 ,
767 1241 770 1245 ,
876 1132 1023 1218 trouu
1058 1128 1296 1234 rouros

500 1642 504 1651 ι
581 1520 721 1698 oo
785 1482 1215 1698 auorum
1277 1515 1630 1698 curam

504 2828 623 2894 odom
639 2828 782 2892 cattum
1122 2825 1232 2889 docuit
1246 2825 1414 2890 Domi-nus.
1431 2824 1547 2889 Similia
1562 2824 1654 2892 babet
1679 2823 1759 2886 idem
1783 2821 1933 2888 Lutberus
1954 2824 1987 2889 ln

528 2932 530 2935 ·
630 2919 633 2925 ’
1121 2907 1206 2972 bom.
1225 2907 1311 2971 bom.
1331 2911 1359 2970 t.
1376 2909 1567 2988 aestimati.
1584 2903 1985 2988 expliouusittudProfioic·

257 3001 453 3081 Proponit-ar
470 2998 686 3060 controuersia
702 2995 813 3076 prium
833 2995 873 3058 dc
890 2993 1027 3056 enuntia
1120 2991 1175 3054 bat
1187 2993 1352 3069 sapientia
1363 2993 1524 3072 ct‘orotia.
2000 3013 2005 3022 ·

510 3081 642 3142 aninmo
660 3077 785 3142 Cirristi.
1162 3072 1326 3153 zwinglius
1341 3090 1464 3152 quoque
1475 3075 1506 3138 iu
1519 3073 1658 3138 Contess.
1669 3071 1706 3136 ud
1722 3070 1820 3136 tarot.
1834 3071 1870 3138 V.
1883 3078 1940 3138 ort.
1954 3075 1985 3140 i.

1022 3215 1026 3220 .
1121 3155 1205 3232 dicit,
1223 3156 1333 3219 Christi
1349 3157 1530 3235 sapientiem
1546 3156 1690 3234 paulatim
1706 3155 1852 3219 crevisse.
2052 3163 2055 3170 '

258 3247 464 3311 Itisscruimus
475 3245 625 3306 hactenus
646 3240 801 3305 dechrtsti
812 3239 974 3303 Divinitoto
989 3239 1080 3304 ctIn·
1163 3239 1299 3303 Buecrus
1315 3240 1345 3302 in
1358 3257 1425 3318 cop.
1436 3239 1597 3302 ttmimtb.
1610 3239 1644 3301 tn
1655 3253 1741 3317 eruo,
1752 3238 1861 3315 inquit,
1878 3241 1990 3304 omnia

222 3331 396 3392 corrutione
410 3335 422 3401 ;’
443 3343 523 3389 nunc
538 3327 577 3388 de
592 3327 697 3389 Anime
713 3323 792 3404 ejus,
822 3339 883 3385 non
898 3324 1023 3402 quidem
1048 3338 1080 3387 o·
1123 3320 1193 3383 aiio
1206 3322 1371 3386 humanae
1382 3319 1581 3401 infirmitatis
1592 3321 1631 3383 in
1643 3337 1677 3385 oe
1690 3322 1826 3402 reecpit,
1849 3320 1992 3387 tranent·

221 3413 302 3474 maio
318 3427 396 3490 quse
411 3429 426 3470 c
452 3408 604 3488 theologis
619 3407 766 3485 disputari
779 3406 891 3478 soient,
909 3405 964 3482 sed
980 3421 1014 3467 ea
1030 3424 1079 3470 so·
1123 3403 1182 3465 bus
1195 3421 1254 3482 per
1269 3405 1381 3466 omnia
1394 3403 1510 3466 sinaitis
1520 3404 1636 3482 saetas,
1646 3409 1777 3482 eccepto
1790 3407 1990 3482 peremniter

221 3494 297 3567 tum,
313 3511 391 3572 quae
406 3493 444 3555 ub
460 3491 622 3553 haereticis
638 3491 731 3568 bujus
747 3488 890 3562 temporis
905 3488 936 3549 in
952 3489 1079 3554 dubium
1123 3487 1223 3550 etium
1237 3488 1419 3550 tremonem
1432 3487 1612 3557 scientiam,
1629 3487 1919 3564 enumerandam,
1934 3503 1989 3550 ra·

220 3584 411 3645 revocemur,
428 3575 581 3652 explicaro
593 3573 815 3651 aggrediamur.
832 3571 916 3633 Duce
938 3578 1010 3635 sunt
1024 3572 1080 3652 igi·
1124 3569 1245 3632 tionem
1256 3569 1404 3632 videticet
1415 3575 1617 3649 arentemque
1629 3569 1820 3642 itomanam,
1835 3585 1988 3649 quaeret·

219 3663 268 3718 tur
282 3660 322 3721 de
337 3658 446 3721 cbristi
464 3656 561 3716 arnirnn
578 3656 671 3734 bajus
684 3654 829 3732 temporis
840 3656 1078 3717 controversiae:
1122 3652 1295 3714 intervalia
1309 3652 1784 3732 aaoeturmtoeaccresciteiue
1796 3652 1992 3718 diminuitur

219 3755 278 3802 unu
291 3735 526 3817 deperteatione
539 3739 647 3817 ipsius,
658 3739 748 3798 altero
760 3737 799 3797 de
815 3736 968 3798 descensu
980 3738 1018 3798 cd
1034 3739 1080 3799 in·
1123 3735 1500 3813 essamnsit‚·secuarium
1509 3751 1608 3812 qnam
1622 3735 1918 3816 ntmtramottqntd
1931 3750 1990 3798 no·

219 3821 313 3884 ieros:
331 3839 368 3883 oe
379 3829 410 3883 ut
424 3821 463 3883 dc
479 3821 580 3898 priore
596 3822 680 3898 prius
695 3820 843 3881 dicamus.
859 3818 928 3882 Fuit
942 3819 1080 3883 haeresis
1122 3819 1206 3880 seire
1221 3819 1353 3894 dictiun-
1367 3819 1442 3882 ideo
1457 3817 1538 3883 ottbt
1551 3817 1705 3884 babetur:
1727 3815 1917 3900 Profioiobot
1939 3834 1992 3882 se·

219 3905 340 3983 entique
353 3905 556 3978 desciturum.
574 3904 638 3980 qui,
655 3908 778 3963 ductore
792 3899 959 3962 themistio
973 3901 1080 3964 Diaco-
1120 3901 1259 3980 pientia,
1277 3907 1381 3964 aetate
1396 3905 1425 3963 et
1438 3903 1557 3980 aratio.

219 4003 271 4048 no.
289 3995 322 4048 ut
336 3989 472 4048 coierunt
483 3986 514 4049 b.
533 3986 690 4047 Liberatus
705 3985 735 4045 in
750 3984 881 4046 Brcriur.
897 3999 967 4060 cuo.
984 3984 1033 4046 to.
1050 3991 1081 4047 et
1165 3982 1308 4046 Certrinus
1324 3985 1354 4044 in
1370 3999 1439 4062 ooo.
1456 3984 1506 4045 et.
1523 3983 1626 4046 blattlr.
1642 3983 1741 4046 Porro
1756 3987 1804 4046 ter
1818 3988 1847 4046 et
1858 3987 1988 4065 qnater,

217 4068 249 4128 b.
261 4067 426 4145 Grecorius
443 4068 497 4130 tib.
513 4067 544 4130 8.
560 4068 651 4146 epist.
667 4067 719 4129 te.
736 4066 905 4137 docebant,
928 4065 1081 4132 Christum
1123 4064 1381 4144 inquit.insanus
1395 4067 1598 4146 feretqnise
1609 4067 1990 4144 arcuatimianorontioo

218 4150 466 4228 ignorassedicm
477 4149 786 4231 judieiitnequerero
798 4149 944 4211 divinitati
956 4147 1078 4221 Christi,
1122 4147 1313 4228 notificaret,
1331 4165 1431 4228 qnam
1444 4165 1486 4212 ne
1499 4151 1570 4228 ipse
1583 4151 1715 4228 quidem
1735 4148 1792 4212 Det
1812 4149 1916 4212 Fiiirts
1930 4165 1992 4232 no·

218 4233 273 4294 sed
290 4234 407 4295 animae
423 4249 489 4294 esur
502 4234 701 4311 ignoruntium
715 4231 897 4307 tribuebant.
910 4238 944 4293 ut
955 4238 1078 4311 pinnum
1103 4298 1106 4304 ,
1123 4237 1192 4294 stra
1206 4247 1323 4294 caussa
1336 4231 1445 4296 subire
1458 4231 1757 4296 obtruncabantur
1771 4231 1863 4294 hebet
1874 4232 1906 4294 iu
1917 4249 1987 4313 cop.

218 4320 265 4378 est
281 4331 318 4377 ex
332 4331 436 4378 eorum
453 4314 786 4395 argumonimsicentm
802 4315 1080 4395 colligebantier·
1124 4313 1154 4375 2.
1170 4313 1244 4380 Ima.
1262 4321 1292 4376 et
1303 4315 1395 4378 utitur
1406 4321 1584 4394 argumento
1597 4314 1718 4386 eodem,
1735 4314 1816 4392 quod
1829 4314 1991 4395 Agooitoe.

218 4399 292 4460 bum
309 4398 427 4476 occepit
441 4398 640 4475 corruptibile
655 4414 788 4474 eorpus.
804 4404 838 4458 ut
852 4397 1010 4460 moriendo
1024 4415 1080 4479 pro
1124 4396 1304 4458 Theodorus
1318 4397 1393 4458 Bere
1409 4395 1441 4457 in
1462 4395 1516 4458 lib.
1544 4402 1627 4460 cont.
1654 4397 1802 4458 Andrean
1828 4396 1935 4460 iacobi
1951 4397 1991 4463 do

219 4480 386 4553 nobis,nos
401 4498 417 4540 a
433 4486 531 4542 morte
543 4480 697 4555 liberarem
708 4495 781 4562 creo
793 4481 912 4556 aceepit
923 4485 1012 4542 etism
1027 4499 1081 4544 no·
1125 4478 1217 4543 duab.
1234 4485 1295 4544 nst.
1313 4478 1383 4541 Cbr.
1400 4493 1481 4541 cartu¹
1495 4479 1524 4542 ei
1539 4479 1748 4562 objiceretur,
1774 4479 1856 4558 quod
1879 4479 1993 4546 Christi

218 4569 309 4623 stram
327 4562 538 4640 ignoruntium,
554 4562 650 4636 idest,
668 4568 800 4622 mentera
816 4561 979 4626 homonem
995 4563 1080 4644 iguo·
1124 4561 1242 4634 enimes
1259 4563 1457 4640 ignorantiam
1485 4561 1664 4638 tribuisset;
1685 4577 1749 4623 non
1770 4561 1911 4641 negarit,
1934 4563 1992 4630 sod

220 4651 348 4706 rantum.
366 4651 399 4709 ut
412 4660 470 4705 nos
483 4644 522 4705 ab
537 4644 703 4725 ignorantie
718 4644 872 4708 liberaret.
1122 4643 1294 4718 recreauit,
1310 4659 1344 4708 ss
1359 4649 1497 4707 secutum
1511 4659 1581 4708 esso
1593 4644 1769 4721 Lutbcrum‚
1779 4649 1809 4707 ot
1821 4642 1989 4712 Coirinum.
2056 4713 2058 4716 ,

259 4727 344 4789 ilaue
359 4725 510 4789 baeresim
524 4731 695 4806 sequuntur
706 4741 815 4790 omnes
829 4726 994 4807 ierebujus
1006 4733 1080 4790 torn·
1164 4726 1295 4792 Rursum
1311 4726 1453 4793 Calvinus
1467 4729 1497 4788 in
1513 4743 1581 4805 asp.
1594 4727 1645 4790 26.
1657 4727 1760 4790 testib.
1773 4727 1857 4790 dicit:
1877 4726 1992 4796 coristi

219 4810 304 4885 poris
320 4808 477 4881 baeretici,
493 4810 545 4887 qui
560 4814 719 4884 usserunt,
737 4806 846 4870 Christi
862 4811 992 4872 unimam
1009 4828 1081 4886 ocu·
1125 4811 1305 4872 orationem
1317 4810 1355 4872 in
1380 4809 1487 4884 borio,
1510 4809 1686 4889 abruptam
1705 4811 1806 4888 fuisse
1819 4811 1990 4878 catamiti

219 4892 301 4952 latim
317 4891 474 4967 didicisse,
482 4907 561 4974 quoe
569 4908 639 4955 rere
650 4890 819 4972 ignorabat,
827 4892 978 4968 etatiuuid
991 4893 1080 4956 ctiam
1123 4891 1213 4953 inire.
1227 4891 1618 4971 Metaporanssns,inouit‚
1634 4900 1664 4956 et
1674 4896 1841 4956 anxietate
1855 4896 1989 4958 constri-

220 4974 341 5056 egisse‚
358 4975 440 5054 quod
455 4974 566 5053 corrigi
580 4973 738 5038 debuerit:
759 4973 841 5050 quod
864 4973 954 5036 etium
969 4976 994 5036 si
1010 4991 1081 5054 poc·
1124 4979 1192 5036 ctos
1205 4974 1316 5051 tinent
1330 4990 1456 5038 neeesse
1470 4975 1560 5052 soret,
1576 4975 1830 5042 tntecotoientos
1841 4978 1986 5040 tentatio·

221 5062 321 5118 catum
336 5056 433 5119 tuisse
447 5055 492 5118 itti
508 5073 570 5119 nou
584 5057 698 5120 cudent
712 5055 815 5118 dicere
829 5073 838 5134 ;
854 5060 956 5119 umen
971 5073 1080 5137 pecca·
1124 5071 1206 5118 nam
1219 5055 1335 5136 iiuotcrs
1351 5057 1483 5121 uttornis
1503 5063 1584 5121 notis
1605 5059 1702 5139 qnasi
1720 5058 1886 5122 ancittare.
1902 5059 1988 5125 Haeo

221 5149 285 5203 tam
300 5154 405 5202 cerere
419 5139 485 5212 tuit,
499 5141 525 5202 si
541 5139 652 5216 corrigi
668 5137 784 5201 debuit.
1123 5141 1209 5202 rotie
1225 5145 1280 5208 est.
1297 5155 1356 5202 aar
1370 5146 1503 5204 mortem
1517 5143 1719 5220 marcenias,
1735 5157 1815 5204 mom
1838 5141 1901 5204 etot
1923 5142 1988 5222 frc-

260 5219 405 5285 biartinus
418 5222 570 5286 Lutberus
580 5219 761 5285 inconede
774 5219 840 5282 Not.
852 5219 1081 5288 Itomtreotsns
1124 5237 1206 5285 num
1216 5222 1356 5299 injiciat,
1372 5223 1542 5303 Patrisque
1561 5225 1698 5304 imperio
1711 5225 1908 5302 subiiciens,
1933 5240 1987 5288 oo·

223 5303 324 5364 iocum
339 5304 430 5367 ilorci
446 5305 495 5368 to.
512 5305 557 5367 De
570 5303 622 5367 dio
635 5304 700 5378 itio,
717 5307 777 5364 etc.
799 5302 1079 5383 internuntiorum,
1124 5308 1193 5367 tam
1206 5304 1291 5367 atad
1302 5305 1406 5368 subito
1422 5306 1568 5385 elapsum
1582 5309 1712 5386 eastioet
1726 5323 1765 5370 ao
1778 5311 1914 5372 reuocet.
1930 5307 1986 5372 iio·

221 5385 560 5462 tuquibaarrotionem
569 5388 707 5470 quidam
718 5384 771 5448 bic
781 5382 1078 5463 afferuntdioentes‚
1124 5392 1153 5450 tc
1168 5387 1219 5448 itte
1235 5385 1327 5449 verba
1341 5387 1452 5452 sabin
1465 5389 1621 5469 elapsum:
1636 5391 1709 5452 item
1723 5391 1773 5452 illu
1787 5390 1928 5470 tacitast,
1946 5405 1985 5456 ao

221 5467 325 5532 Fittns
334 5473 447 5543 nescit,
455 5473 548 5542 idest,
560 5470 666 5534 notuit
675 5467 854 5545 coerceam
862 5483 944 5548 opus
954 5475 999 5532 est
1011 5471 1080 5534 istm
1123 5472 1259 5532 reuocet.
1276 5469 1312 5533 Et
1325 5469 1414 5534 intre:
1432 5471 1753 5556 Videmus,inquit,at
1767 5473 1907 5536 Cbristns
1919 5479 1985 5538 sta·

224 5552 430 5616 commentis?
445 5552 691 5618 cbristnsoerne
707 5551 799 5615 bento
825 5549 908 5627 init,
930 5569 1031 5632 quare
1043 5558 1081 5618 nt
1124 5553 1183 5614 tim
1197 5551 1238 5613 ab
1252 5553 1331 5630 ipris
1347 5553 1529 5618 carceribus
1544 5554 1693 5636 affection
1706 5572 1804 5638 snam
1818 5555 1985 5634 cohibeat.

223 5633 309 5695 atius
321 5649 424 5714 mamre
436 5637 496 5697 sed
506 5643 637 5699 sanctus
652 5636 757 5705 borno,
771 5648 841 5696 noa
854 5633 1079 5712 arretinorum·
1123 5650 1221 5714 seque
1234 5635 1343 5713 ineam
1357 5639 1484 5701 mature
1500 5645 1593 5718 coyat
1603 5641 1640 5704 in
1654 5641 1813 5703 ordinent.
1841 5637 1982 5702 ibidem:

222 5731 302 5810 pore
315 5717 475 5792 coenasti,
491 5719 588 5791 dimit,
603 5719 716 5788 cotun.
729 5715 890 5780 inteiteoet't
903 5720 1026 5781 omnio.
1043 5719 1079 5783 iit
1124 5718 1194 5782 Non
1206 5717 1279 5794 ficit,
1294 5717 1403 5796 iuquit,
1416 5719 1657 5790 baecnedttato
1671 5721 1784 5790 Christi
1797 5721 1913 5794 oratio,
1925 5725 1983 5787 scd

219 5797 314 5862 rubo:
330 5797 419 5861 Siout
431 5801 520 5864 enin
528 5799 746 5879 nonqcottbet
756 5804 895 5878 tempore
906 5803 1019 5865 omnia
1031 5803 1078 5865 ai·
1120 5802 1169 5864 cis
1182 5801 1358 5879 etimoetns
1372 5801 1493 5868 dotat-ts
1506 5805 1647 5876 roboan
1661 5806 1692 5866 ei
1711 5817 1820 5870 oooern
1835 5806 1979 5882 manto,

219 5881 277 5954 dit,
294 5882 428 5956 audiuit,
451 5889 548 5964 utque
559 5884 670 5954 sensit,
684 5885 732 5946 tto
742 5883 841 5945 etiarn
854 5884 949 5948 eorde
962 5900 1030 5948 non
1043 5901 1078 5947 o·
1122 5884 1177 5946 cni
1188 5884 1297 5946 statim
1308 5884 1424 5948 addita
1435 5886 1672 5964 tiritcorreotior
1688 5887 1802 5951 codem
1814 5887 1981 5951 oebemoa·

218 5964 445 6045 materonum
454 5965 825 6049 aanoomsedqmontmn
833 5965 1077 6036 dinnoscitur
1121 5967 1981 6048 ttaproosertimcoctestisdeorottammorio'rnttitabe·

582 6075 586 6080 .
1656 6055 1713 6118 341
