4792 7009
449 721 506 787 ,ιιι
1087 716 1132 778 oa
1151 712 1288 776 hortano
1310 714 1485 775 conrates
2207 685 2208 741 l

378 864 510 943 ronique
528 856 677 939 subjectis
691 846 722 919 in
734 854 832 922 serris
849 902 856 931 ,
887 856 917 917 el
933 850 1033 917 omnia
1049 850 1188 917 referant
1203 849 1240 915 ad
1287 850 1402 931 inquit,
1420 850 1584 932 quomodo
1600 848 1743 929 episcopi
1753 848 1944 927 smaperim,
1963 847 2053 928 quael
2067 846 2166 912 sedes

380 962 470 1009 suurn
485 942 681 1009 cocomarium
697 948 726 1001 et
741 941 881 1019 gloriam.
898 936 969 999 Vult
993 937 1074 998 enim
1089 952 1182 1014 suum
1197 935 1240 998 ri·
1288 936 1472 1015 apostolica
1486 933 1725 997 condemnauit.
1741 931 1778 993 Et
1791 931 1823 994 io
1836 933 1929 1011 epist.
1942 930 2066 1011 plurim.
2091 932 2162 1011 epi·

380 1016 497 1092 carium
513 1040 658 1107 praeesse
675 1022 832 1087 Ecclesiae
848 1029 881 1083 ut
895 1026 1049 1098 pastorem
1063 1026 1094 1081 et
1109 1025 1239 1097 patrem,
1288 1019 1567 1097 scopor·.qallarurn
1583 1020 1619 1079 ad
1639 1016 1783 1088 taonem,
1794 1030 1873 1093 quae
1887 1018 1935 1078 est
1949 1022 2028 1077 tuter
2042 1014 2162 1094 episto·
2207 1012 2208 1037 ¹

380 1112 432 1191 qui
448 1126 508 1173 non
525 1109 642 1171 lucrum
656 1111 687 1167 at
701 1107 849 1169 honorem
865 1108 1012 1179 quaerat,
1029 1101 1085 1165 sed
1108 1116 1242 1164 commo·
1289 1102 1332 1163 las
1358 1100 1470 1163 Leonis
1500 1099 1551 1161 52.
1578 1096 1644 1175 liat,
1668 1096 1822 1179 inquiunt,
1844 1096 2043 1178 apostolatus
2054 1104 2162 1161 aester

381 1192 454 1257 duan
471 1192 680 1271 subjectorum
695 1237 702 1251 .
719 1194 750 1249 ιι
765 1186 836 1248 ideo
851 1190 970 1264 praeter
997 1191 1136 1247 caeteros
1156 1184 1242 1247 tabo·
1287 1188 1417 1247 nostrae
1431 1184 1561 1247 ueniam
1576 1180 1735 1245 tarditati.
1748 1180 1823 1243 Elin
1835 1180 1896 1243 Eue
1911 1180 2071 1259 epistotae:
2094 1179 2162 1245 Ora

384 1282 433 1340 ret
444 1282 475 1339 et
489 1275 600 1337 ser-siet
614 1273 752 1335 orricium
766 1268 896 1331 utilitati.-
1286 1281 1348 1345 pro
1375 1282 1426 1328 ma
1448 1266 1584 1329 Domine
1599 1264 1790 1335 beatamne,
1805 1265 1920 1326 merito
1937 1270 1966 1325 st
1980 1264 2159 1341 apostatico

426 1358 583 1421 Praetereo
600 1370 691 1435 reges
705 1352 855 1432 gentium,
872 1349 965 1411 etiam
988 1348 1031 1411 illi
1056 1347 1107 1427 qui
1125 1348 1243 1429 tyranni
1291 1350 1415 1412 imncre
1440 1364 1560 1412 amera
1645 1356 1749 1427 papae.
1766 1344 1855 1409 ltem:
1871 1346 2091 1425 apostolatum
2105 1362 2158 1410 ce·

379 1444 538 1507 nonsuot,
556 1432 1243 1515 itareqoasuaadministraot,utprcpriam
1293 1438 1395 1495 strum
1419 1432 1510 1494 inb
1576 1446 1620 1493 no
1645 1442 1782 1495 ueneror
1793 1432 1823 1492 ιι
1835 1429 1952 1491 saluto.
1968 1428 2159 1507 Augustinus
2208 1444 2209 1479 ι

378 1522 601 1586 haereditatem
616 1532 709 1596 qaam
723 1516 795 1580 tiliis
811 1514 1042 1593 derelinquant:
1072 1521 1102 1575 at
1115 1515 1241 1593 praelati
1290 1514 1381 1593 epist.
1405 1514 1474 1576 162.
1505 1514 1544 1577 ln
1554 1528 1695 1577 romena
1706 1512 1851 1575 Ecclesia
1864 1526 1991 1593 semper
2005 1512 2158 1591 apostati·

380 1605 538 1668 Ecclesiae
553 1602 755 1677 nori-simeon
770 1597 854 1661 enim
869 1596 1029 1678 regesscd
1045 1596 1147 1659 alcarii
1160 1604 1243 1673 sunt,
1293 1612 1352 1660 cce
1368 1598 1540 1660 callmdrce
1560 1597 1664 1674 eipnit
1675 1596 1895 1675 principante.

380 1705 443 1751 aron
459 1681 717 1765 patresfamilias,
742 1682 797 1743 sed
825 1678 1000 1743 oeconomi.
1019 1677 1101 1739 llioc
1117 1678 1245 1742 Bernsr-
1285 1706 1289 1714 ·
1333 1680 1474 1760 Denique
1490 1682 1543 1757 (ut
1557 1678 1693 1741 enrithrm
1707 1676 1824 1740 infinita
1839 1674 1969 1756 similia)
1983 1674 2158 1740 Eoneilimn

380 1772 439 1833 dus
453 1765 550 1831 libi.
567 1768 605 1828 de
621 1760 877 1842 Corrsiderduid,
894 1761 1003 1839 inquit,
1018 1776 1246 1840 pracessencn
1279 1760 1548 1825 ¹Ehrrloedooeasc
1563 1762 1594 1823 in
1611 1764 1702 1840 epist.
1719 1762 1757 1823 ad
1774 1761 1919 1832 beanern,
1935 1772 2014 1838 quae
2026 1758 2160 1823 habetur

379 1855 525 1931 conpesci
536 1848 703 1913 dominari
711 1849 818 1910 cetos?
829 1846 929 1924 plone
942 1846 1106 1924 sie,qncsi
1118 1860 1187 1907 non
1194 1844 1245 1908 be·
1293 1849 1365 1923 post
1389 1844 1419 1906 3.
1436 1852 1496 1908 act.
1525 1846 1564 1907 El
1576 1844 1739 1924 posthaec
1753 1844 1876 1917 omnic,
1893 1841 2050 1921 inquiunt,
2064 1843 2158 1905 insu

379 1950 422 1997 nc
434 1934 558 2014 praesit
571 1932 629 2012 qui
639 1935 769 2010 praemi
780 1930 818 1991 in
831 1928 1048 1999 solicitudine:
1068 1929 1194 2005 praesis
1208 1932 1245 1991 ul
1288 1936 1356 2006 per
1382 1932 1411 1990 ιι
1436 1932 1550 1991 canna
1563 1930 1673 2006 ipsam
1687 1927 1742 1989 cui
1754 1927 1870 1989 chaeac
1884 1925 2034 1987 cmtcdia
2048 1940 2072 1985 u
2087 1923 2159 1987 Sat·

378 2017 604 2098 procidensut
618 2012 1246 2089 commocnrproccreeereemeaprne·
1291 2015 1402 2073 ociore
1426 2012 1597 2073 romanino
1622 2016 1679 2081 est,
1706 2010 1851 2073 cotendis
1864 2008 2045 2074 ismeniam.
2062 2008 2157 2081 idest,

382 2100 426 2162 sis
440 2105 478 2161 ut
490 2096 733 2177 prosisprccsis
746 2101 783 2157 ui
795 2092 902 2171 fidelis
919 2108 1031 2155 scruas
1046 2100 1074 2154 ιι
1085 2095 1244 2172 prudens,
1294 2099 1407 2155 contra
1436 2100 1524 2155 tuam
1548 2108 1676 2173 quoque
1701 2092 1914 2171 apostolicam
1937 2091 2156 2153 sanctitatem.

383 2177 819 2261 qnemccnarimicbomime
840 2174 1111 2253 superseminans
1138 2192 1246 2240 sacam.
1291 2173 1372 2237 Iliae
1385 2176 1475 2238 dinus
1490 2176 1662 2239 bernardus
1674 2172 1730 2237 tib.
1747 2172 1820 2237 ide
1835 2171 1995 2237 consider.
2012 2173 2069 2235 cir.
2088 2174 2154 2235 init.
2189 2184 2197 2199 ⁸

422 2262 562 2325 Secunda
576 2262 710 2342 objectio
727 2258 840 2321 Caluini
858 2263 889 2319 tn
902 2258 999 2319 tostii.
1016 2258 1070 2319 hb.
1083 2258 1114 2319 ι.
1139 2258 1244 2337 capu.
1291 2257 1424 2337 loquens
1452 2259 1490 2321 dc
1512 2258 1659 2336 apostolis
1674 2256 1830 2322 omnibns.
1847 2258 1885 2319 de
1902 2256 2015 2336 quibus
2030 2254 2154 2327 dicitur,

383 2342 447 2426 it.
464 2344 533 2407 tatis
545 2350 603 2407 est.
620 2340 664 2405 Ad
681 2343 795 2421 Ephes.
824 2340 855 2401 l.
879 2338 1043 2401 delineavit
1068 2339 1157 2403 nobis
1172 2358 1245 2420 apo·
1291 2340 1401 2420 psalm.
1420 2340 1471 2402 ιι.
1490 2340 1666 2404 constitues
1681 2356 1733 2403 ecs
1743 2341 1909 2419 principes
1918 2352 2017 2417 super
2028 2352 2158 2401 nnuman

387 2428 485 2490 stolus
514 2433 606 2489 totam
631 2422 874 2488 ecclesiasticam
903 2421 1130 2497 hierarchiam,
1153 2440 1245 2503 quam
1291 2429 1430 2499 terram3
1457 2425 1499 2485 ait
1523 2423 1660 2504 Eusseaio
1681 2440 1791 2503 papae:
1807 2420 1862 2485 Eis
1878 2429 1913 2484 tu
1925 2420 2108 2484 successisti
2122 2423 2158 2485 io

386 2508 526 2573 Christus
542 2507 836 2589 posiasceosiooem
851 2520 938 2567 snam
949 2506 980 2565 in
993 2505 1081 2567 terris
1095 2504 1220 2583 reliquit
1235 2524 1243 2569 :
1290 2504 1542 2571 loameditoiem:
1555 2508 1606 2569 ita
1620 2514 1656 2569 tn
1669 2506 1793 2579 haeres,
1810 2510 1840 2568 et
1854 2504 1940 2568 orbis
1956 2503 2154 2566 beneditus.

381 2590 427 2654 ibi
439 2598 540 2655 autem
557 2607 705 2669 nusquam
721 2595 768 2651 est
788 2588 903 2649 mentio
918 2587 1011 2649 uarius
1032 2588 1165 2667 capitis,
1189 2589 1245 2652 sed
1291 2587 1328 2649 Et
1353 2588 1441 2665 intra,
1472 2592 1555 2657 iruna
1575 2589 1678 2669 ipsum
1692 2590 1804 2663 lecum,
1823 2588 1861 2649 Et
1874 2590 1944 2667 ipse
1958 2587 2049 2649 dedii
2064 2600 2158 2664 quas·

383 2675 490 2736 multis
506 2676 535 2735 in
551 2688 714 2737 eorrrmaoe
730 2672 855 2733 traditor
867 2669 1022 2732 Ecclesiae
1035 2671 1245 2750 regionensic
1291 2672 1370 2733 darn
1383 2674 1523 2751 quidem
1538 2672 1709 2752 operatos,
1723 2670 1867 2751 intelligit
1881 2672 1921 2733 de
1937 2666 2095 2749 pontilicis
2108 2686 2159 2731 au·

385 2754 467 2819 enirn
482 2758 535 2818 ait:
548 2757 587 2819 Ei
606 2756 675 2835 ipse
690 2754 780 2817 dedit
793 2754 953 2832 quosdam
967 2753 1099 2832 quidem
1120 2760 1245 2833 cposle
1290 2755 1438 2817 ctoritate.
1555 2776 1557 2781 ·
1955 2769 1963 2797 ι

389 2838 447 2909 tos,
471 2840 631 2919 quosdam
645 2843 754 2902 autem
763 2836 949 2916 prophetas,
963 2835 1046 2897 alios
1058 2852 1134 2898 cero
1149 2853 1245 2901 coen
1332 2835 1433 2899 Potest
1444 2836 1534 2899 etiam
1544 2836 1738 2917 responderi:
1751 2834 1930 2915 apostorum
1939 2834 1998 2896 hoc
2009 2830 2080 2895 loca
2094 2846 2156 2894 aon

384 2920 526 3001 peltatas,
542 2921 622 2984 aiios
637 2924 747 2982 autem
758 2924 904 2998 pastores
925 2922 954 2978 u
975 2918 1168 2982 doctores.Et
1184 2936 1245 2983 nou
1292 2918 1464 2983 detineasse
1482 2918 1682 2983 hierarchiam
1697 2917 1866 2991 Ecclesiae,
1883 2919 1937 2980 sed
1952 2924 2065 2979 uarum
2080 2930 2157 2977 eou-
2211 2941 2212 3003 q

385 3003 477 3073 dixit,
492 3004 636 3083 primum
650 3003 782 3085 paridem
803 3017 909 3063 unum
931 3016 1097 3065 summum
1116 3000 1244 3080 pontiti-
1290 3016 1427 3065 marasse
1443 3001 1843 3081 varia-dona,quaesuntin
1858 2996 2158 3063 contestaturum

386 3102 466 3159 cem,
482 3088 600 3149 deinde
612 3086 787 3165 episcopos,
802 3082 961 3163 parochos
976 3090 1034 3145 ιιι.
1291 3084 1373 3163 enirn¹
1390 3087 1492 3164 posuit
1504 3085 1679 3165 Apostolos,
1706 3084 1798 3161 idest,
1815 3100 1870 3147 eos
1885 3083 1937 3163 qni
1953 3083 2043 3165 primi
2058 3098 2075 3141 a
2093 3078 2157 3143 Dea
2211 3116 2212 3119 =

426 3167 519 3230 ltemt
536 3169 658 3231 Solicili
669 3183 797 3230 cancre
811 3168 969 3228 undamn
978 3165 1110 3244 spiritua
1124 3166 1162 3230 in
1174 3168 1244 3232 oin·
1292 3166 1378 3229 missi
1405 3176 1487 3229 sunt.
1515 3168 1658 3231 Secundo
1673 3167 1860 3241 Prophetas,
1876 3168 1968 3242 idest,
1986 3167 2040 3246 qui
2056 3164 2160 3226 lutura

387 3250 461 3313 culo
472 3252 577 3330 pacis,
592 3266 699 3313 unum
712 3264 829 3327 corpus
856 3250 1246 3326 recompensassent
1291 3249 1482 3328 praedicunt,
1509 3256 1543 3315 ut
1564 3255 1720 3331 exponunt
1742 3248 1987 3329 chrysostomus,
2004 3249 2160 3313 oecume-

384 3334 492 3396 eccali
512 3334 586 3396 ιιιιι
599 3335 781 3410 inacncspc
794 3330 973 3394 carchamis
996 3337 1119 3394 uestros
1136 3379 1144 3405 ,
1159 3348 1246 3397 unns
1293 3330 1374 3409 rrius,
1401 3333 1660 3414 Theopbqtactos.
1680 3332 1793 3401 Tertio.
1810 3332 2043 3409 Eocnpelr'stos,
2062 3330 2159 3403 idest,

385 3412 635 3489 tremiscamus
648 3414 755 3484 Fides.
773 3420 803 3475 et
819 3412 980 3475 condixit:
997 3414 1247 3492 compactiles·
1292 3428 1348 3477 eos
1374 3414 1425 3495 qui
1448 3416 1604 3497 evangelia
1620 3416 1821 3496 scripserunt,
1837 3421 1871 3476 ut
1885 3420 2041 3492 caponum
2056 3413 2158 3477 Occu·

384 3500 565 3572 nummos,
582 3499 642 3578 qui
655 3498 831 3559 Ecclesiam
844 3497 882 3558 in
895 3497 1020 3559 undare
1032 3498 1246 3561 comanerent
1294 3497 1416 3561 menius
1441 3506 1471 3561 et
1485 3498 1742 3579 theophylactus.
1757 3495 1880 3570 Ultima,
1893 3497 2039 3561 Pastores
2052 3500 2082 3559 et
2096 3492 2158 3555 Do·

386 3578 514 3642 ibidem:
527 3581 705 3659 Unicuique
718 3584 866 3643 noshum
886 3579 967 3640 data
994 3583 1040 3640 est
1067 3581 1177 3658 pratia
1196 3596 1244 3644 se·
1292 3588 1414 3655 oteres,
1432 3598 1493 3657 quo
1518 3598 1579 3644 uoo
1605 3582 1698 3645 rerba
1721 3579 1903 3660 significarit
1917 3579 2045 3643 contuse
2060 3584 2158 3642 totam

385 3662 531 3725 cundum
549 3678 738 3725 mensuram
752 3661 939 3725 comannis
949 3660 1113 3724 Ehn'sliEt
1127 3680 1187 3726 non
1201 3662 1245 3726 di·
1294 3662 1501 3726 hierarchiam
1516 3664 1724 3727 ministrorum
1740 3663 1908 3725 Ecclesiae.
1924 3662 1961 3724 Et
1973 3664 2002 3725 t.
2016 3660 2156 3727 Corinth.

383 3744 442 3818 xit,
458 3746 521 3808 uni
535 3746 617 3808 dato
631 3744 853 3824 estptenitudo
866 3743 1042 3822 potestatis,
1059 3748 1089 3807 ιι
1112 3749 1149 3808 ut
1161 3747 1246 3811 uices
1294 3745 1344 3808 ι2.
1371 3747 1488 3815 addidit
1502 3760 1615 3827 genera
1631 3746 1815 3826 linguarum,
1837 3744 2011 3809 curationes
2038 3751 2070 3806 et
2084 3741 2156 3816 alia,

390 3825 622 3909 dereliceat,
638 3828 788 3890 seddatc
808 3832 864 3901 est,
891 3826 1001 3905 inquit.
1026 3827 1165 3905 moenis
1185 3844 1249 3908 sara
1293 3842 1373 3907 quaa
1399 3846 1460 3891 non
1487 3828 1697 3893 ecclesiastica
1721 3828 1915 3904 ministeria,
1939 3829 1995 3890 sed
2021 3826 2156 3906 Spiritus

385 3910 503 3991 portio.
561 3949 564 3954 ⁴
1294 3910 1585 3975 sanclicbarismata
1600 3916 1683 3976 suot.
1818 3978 1821 3989 Α

427 3991 623 4071 Respondes:
639 3990 849 4054 Pontificatum
864 4006 1017 4054 summum
1032 3988 1146 4054 diserte
1161 3992 1244 4071 posi·
1334 3993 1378 4056 hd
1405 3992 1480 4058 illud
1506 4000 1618 4073 nutem,
1645 3996 1684 4058 de
1709 4009 1771 4057 noo
1797 4008 1938 4072 corpore,
1954 4007 2016 4055 uno
2031 3991 2153 4073 spiritu,

389 4078 453 4135 tum
470 4074 507 4136 ab
521 4075 704 4153 apostolom
720 4073 783 4135 illis
798 4073 911 4135 serbis:
925 4075 1043 4152 Etipse
1055 4074 1248 4156 dediquos·
1293 4090 1355 4139 ana
1380 4075 1467 4154 Fide,
1490 4092 1551 4141 nno
1567 4078 1641 4155 beo,
1658 4076 1819 4157 inquibus
1836 4092 1895 4138 non
1912 4083 1960 4138 est
1974 4089 2157 4138 annumera-

387 4158 467 4219 dam
480 4158 612 4237 quidem
631 4156 803 4236 apostolos:
818 4161 850 4218 ct
870 4156 982 4220 elarius
999 4156 1028 4218 l.
1042 4154 1178 4221 Eoriotb.
1196 4158 1246 4223 12.
1294 4165 1344 4220 ιιι
1371 4174 1450 4223 unus
1477 4176 1568 4239 papa3
1593 4160 1781 4241 responden:
1808 4174 1903 4221 noum
1917 4174 2027 4238 papam
2041 4158 2075 4221 in
2089 4158 2155 4219 illis

389 4236 443 4300 nbi
458 4238 510 4301 ait:
524 4240 640 4319 Etipse
654 4241 760 4318 posuit
774 4238 813 4301 in
833 4238 978 4301 Ecclesia
995 4240 1142 4318 primum
1167 4257 1246 4320 cpo-
1293 4241 1396 4303 rerbis
1423 4258 1493 4305 esse
1519 4244 1800 4323 comprehensum,
1825 4256 1932 4304 nnmn
1957 4256 2097 4321 corpus,
2126 4246 2157 4303 et

388 4321 650 4394 etobssecundo
664 4320 883 4401 propbetas.Si
900 4322 1023 4400 quidem
1047 4337 1165 4385 summa
1193 4339 1247 4403 po·
1293 4338 1381 4387 amns
1405 4325 1551 4403 spiritus:
1582 4331 1615 4388 ut
1639 4325 1722 4387 enim
1747 4326 1778 4388 in
1794 4339 1924 4403 corpore
1940 4324 2066 4385 naturali
2084 4321 2157 4385 ideo

387 4410 483 4467 testas
498 4403 708 4467 ecclesiastica
731 4420 793 4466 non
809 4406 907 4466 sotum
923 4406 991 4466 data
1006 4410 1054 4465 est
1067 4404 1167 4481 Petro,
1190 4406 1248 4471 scd
1293 4412 1431 4469 serretur
1445 4409 1544 4471 unius
1559 4408 1777 4481 membrarum,
1789 4408 1860 4486 quia
1872 4404 2094 4485 amoiapareot
2105 4420 2157 4468 ca·

386 4488 476 4547 eliam
493 4486 563 4547 aliis
578 4485 748 4566 apostolis:
769 4502 877 4548 ornnes
892 4485 973 4549 enim
990 4492 1128 4566 poterant
1142 4487 1247 4552 dicere
1294 4486 1363 4569 pili3
1389 4488 1428 4551 ita
1456 4505 1579 4571 quoque
1600 4496 1674 4554 tunc
1688 4490 1720 4553 in
1735 4487 1873 4553 Ecclesia
1888 4494 2026 4552 serretur
2041 4486 2154 4565 unius,

388 4566 466 4629 iilud
480 4566 566 4629 Pauli
580 4586 588 4628 ι
602 4568 767 4631 instantio
778 4584 853 4630 meo
868 4570 1247 4648 qnotidacnonohcitceo
1294 4586 1365 4633 cum
1381 4588 1490 4635 ornnes
1504 4572 1653 4636 obediunt
1666 4573 1732 4636 uni.

388 4649 536 4713 omnium
549 4648 779 4727 Ecclcsicmcm,
795 4652 827 4712 2.
839 4649 908 4714 Eor.
926 4652 976 4713 tt.
1002 4653 1058 4717 sed
1078 4650 1248 4717 Petrodata
1336 4652 1374 4715 Et
1398 4670 1583 4734 quamquam
1607 4663 1698 4737 caput
1712 4653 1868 4719 Ecclesiae
1884 4650 1977 4716 totius
2005 4658 2053 4716 est
2068 4652 2155 4716 Ebri-

391 4740 438 4795 ιιι
452 4738 485 4794 ut
498 4732 652 4796 ordinaria
668 4732 845 4811 pastoricoi
854 4740 1004 4813 perpetuo
1015 4735 1245 4813 succederetur,
1293 4732 1473 4799 stusttamen
1491 4737 1562 4817 quia
1577 4740 1644 4817 ipse
1659 4756 1674 4799 a
1691 4738 1836 4801 militante
1851 4735 1988 4801 Ecclesia
2003 4735 2092 4799 abest
2107 4752 2157 4800 se·

392 4813 461 4877 aliis
476 4830 547 4878 sero
561 4821 705 4895 tanquam
720 4815 879 4893 delegatis,
896 4817 1009 4894 quibus
1021 4834 1082 4880 noa
1098 4818 1247 4881 succede·
1293 4819 1428 4881 cundum
1442 4821 1593 4883 risibilem
1610 4821 1824 4900 praesentiam,
1837 4818 2155 4897 exigitcraeccssario

387 4896 554 4960 returEuit
564 4898 647 4961 noim
662 4897 692 4960 in
708 4896 769 4960 illis
779 4896 938 4961 Ecclesiae
950 4899 1125 4978 primordiis
1140 4915 1250 4963 oeces-
1293 4916 1374 4964 unus
1401 4902 1512 4980 aliquis
1539 4902 1649 4966 Christi
1666 4904 1746 4975 loco,
1763 4902 1815 4985 qui
1830 4900 1987 4965 risibilem
2002 4902 2083 4963 hauc
2096 4900 2155 4965 Ec·

388 4980 503 5043 sarium
515 4979 552 5041 ad
565 4978 672 5043 Fidem
683 4984 744 5043 toto
756 4980 831 5043 orbe
843 4984 990 5043 terrarum
998 4980 1139 5045 celeriter
1152 4982 1250 5046 disse·
1295 4983 1421 5047 alesiam
1437 4985 1468 5047 in
1484 4985 1596 5051 unitate
1612 4986 1776 5049 contineat.
1790 4985 1890 5060 Quare
1906 4984 2033 5063 Optatus
2048 4983 2104 5045 lib.
2121 4983 2153 5046 2.

388 5062 577 5135 mirandam,
589 5070 622 5124 ut
636 5064 744 5143 primis
759 5063 1031 5143 praedicatoribus,
1047 5070 1078 5127 et
1093 5063 1246 5127 Ecclesia·
1295 5064 1416 5129 Petrum
1431 5074 1523 5147 caput
1535 5069 1679 5149 appellat,
1698 5076 1728 5131 et
1742 5070 1888 5133 unitatem
1900 5065 2059 5131 Ecclesiae
2070 5066 2103 5127 in
2115 5080 2153 5129 eo

390 5160 458 5208 rum
472 5143 684 5208 fundatoribus
699 5162 816 5207 sumnia
831 5151 967 5225 potestas
994 5153 1025 5211 ιι
1040 5145 1164 5211 libertas
1176 5160 1249 5211 ono*
1295 5150 1392 5229 ponit,
1408 5156 1441 5213 ut
1455 5166 1562 5215 omnes
1577 5152 1761 5217 cohaereant
1775 5168 1844 5214 cnm
1859 5150 1918 5212 isto
1932 5150 2043 5227 capite.
2058 5147 2150 5211 loan-

387 5226 564 5290 cederetnr:
581 5226 707 5289 mortuis
718 5234 818 5290 autem
834 5229 999 5307 apostolis,
1015 5230 1179 5309 apostolica
1196 5248 1249 5293 au·
1295 5246 1352 5293 nes
1373 5248 1499 5313 quoque
1524 5233 1758 5316 Chrysostnmus
1773 5235 1856 5297 hom.
1872 5232 1923 5295 55.
1939 5233 1971 5294 iu
1986 5230 2090 5294 ltattb.
2106 5230 2148 5293 ita

389 5310 513 5373 ctoritss
527 5309 559 5371 ia
573 5308 641 5372 solo
656 5309 734 5372 Petri
749 5326 930 5374 successore
945 5311 1111 5391 permansit
1124 5330 1132 5390 ;
1147 5313 1250 5377 nuilus
1295 5310 1429 5393 loquitur
1443 5316 1482 5378 de
1496 5316 1646 5380 Ecclesia:
1666 5316 1762 5400 decim
1772 5320 1883 5395 pastor
1893 5320 1923 5379 ιι
1936 5314 2148 5393 ceputpiscc·

390 5392 473 5456 enim
486 5392 946 5472 episeopuspraeterromanum
961 5394 1186 5458 solicitudinem
1198 5396 1250 5457 ba·
1296 5400 1346 5459 tor
1359 5397 1453 5459 homo
1469 5406 1566 5480 atque
1580 5399 1731 5479 innobilis
1746 5406 1803 5463 etc.

392 5474 459 5537 buit
473 5476 754 5555 anquamomntnnr
770 5474 1001 5551 Ecclesiarum,
1027 5483 1058 5540 et
1082 5477 1249 5557 solnsipse
1336 5478 1380 5541 hd
1396 5480 1470 5543 illud
1497 5485 1535 5544 de
1550 5482 1742 5561 plenitudine
1768 5479 1938 5560 potestatts3
1961 5476 2149 5557 respondeo:

394 5562 519 5620 rocetrrs
532 5566 580 5621 est
593 5557 632 5624 ab
646 5546 1143 5639 omnibusapostolicuspontitex,
1156 5565 1187 5623 et
1202 5576 1250 5624 sc·
1295 5574 1449 5625 summurn
1474 5564 1661 5645 pontificem,
1689 5565 1715 5628 si
1740 5564 1913 5627 conteratur
1934 5576 2003 5625 oum
2018 5559 2153 5632 cbristo,

397 5634 717 5719 desejusapostoliea
732 5640 923 5719 simpliciter,
939 5648 970 5704 et
995 5658 1050 5719 per
1073 5647 1248 5720 antonoma·
1295 5660 1357 5707 uon
1382 5646 1497 5709 hebere
1523 5646 1744 5725 plenitudinem
1770 5647 1939 5726 potestatis,
1967 5644 2156 5709 secuntum

398 5722 486 5795 siam,
502 5725 534 5783 et
546 5737 658 5785 munus
671 5722 740 5806 ejus
766 5724 964 5801 apostolatus.
980 5724 1073 5808 cajus
1094 5724 1138 5790 rei
1154 5742 1251 5805 pauca
1295 5740 1383 5790 snam
1407 5728 1570 5809 qnamdam
1594 5729 1776 5811 portionem,
1793 5732 1963 5799 secundum
1980 5738 2157 5790 mensuram

396 5803 545 5883 quaedam
562 5805 733 5869 testimonia
745 5806 957 5886 subjiciemus.
1296 5808 1469 5875 donationis
1484 5810 1608 5890 Christe
1624 5806 1762 5875 Christos
1777 5812 1860 5875 euim
1871 5812 1950 5891 regit
1961 5824 2084 5874 omnem
2097 5806 2159 5872 En·

440 5884 644 5982 Hieronymus
656 5887 686 5949 io
702 5888 794 5968 epist.
808 5889 840 5951 2.
856 5891 893 5951 ad
909 5888 1032 5955 Damas.
1047 5888 1086 5952 de
1101 5904 1184 5953 noro.
1195 5889 1251 5969 bq-
1297 5893 1433 5971 alesiam,
1450 5911 1528 5974 quae
1543 5900 1591 5959 est
1603 5894 1635 5956 in
1653 5894 1751 5963 coelo.
1765 5894 1796 5956 in
1809 5892 1994 5974 purgatorio,
2007 5892 2040 5953 in
2051 5890 2155 5965 terris,

401 5974 481 6046 post.
507 5965 568 6045 Qus
591 5966 761 6046 eposium.
776 5971 885 6053 inquit,
902 5972 1051 6037 bonores
1157 5972 1164 5987 '
1182 5988 1252 6046 ,se
1297 5978 1329 6037 et
1342 5992 1420 6056 qaae
1434 5976 1489 6040 tuit
1499 5977 1537 6040 ab
1548 5976 1634 6041 initio
1646 5976 1762 6056 mundi,
1775 5983 1806 6040 et
1816 5976 1874 6040 erit
1884 5991 1983 6056 usque
1996 5974 2034 6037 ad
2047 5972 2153 6035 linem:

403 6052 515 6132 quone
539 6053 708 6119 ermercc.
734 6052 769 6115 Et
783 6054 836 6119 lib.
863 6054 894 6117 2.
910 6062 992 6121 cont.
1017 6056 1041 6120 a
1096 6072 1127 6120 a.
1143 6053 1251 6135 licor,
1298 6072 1333 6121 ac
1351 6065 1505 6141 praeterea
1521 6076 1576 6141 pro
1590 6057 1715 6127 arbitrio
1729 6065 1830 6143 potest
1844 6060 2090 6141 tepescentem,
2108 6072 2158 6121 sa·
